2350 4067
189 196 247 259 134
506 207 536 260 o.
559 205 674 253 nonam
692 203 792 251 antec

189 324 439 407 Concurrentque
452 323 517 386 loro
533 324 588 385 tria
602 322 711 384 lunera
722 338 850 400 magna,
865 320 987 384 sonabit
1085 317 1087 322 ’

189 414 308 478 Cornua
318 416 402 496 quod
412 416 572 495 vincatque
583 414 698 488 tubas¹;
714 412 823 475 saltem
833 412 1086 475 tenethocnos².
1098 438 1111 463 a

229 501 317 565 Nunc
330 504 367 565 ad
382 522 432 566 mc
447 502 549 576 redeo,
567 501 709 563 libertino
722 507 809 581 patre
822 507 942 573 natum,
1088 521 1113 561 rs

190 587 290 664 Quem
306 591 422 653 rodunt
435 588 562 653 omues³
574 588 717 649 libertino
730 594 818 666 patre
830 593 955 660 natum,

190 674 292 752 Nunc,
310 678 381 757 quia
394 696 463 740 sum
477 676 546 751 tibi,
563 674 728 749 Maecenas,
743 674 917 751 convictor,
932 680 964 734 at
976 673 1056 735 olim

191 764 282 841 Quod
296 766 369 828 mibi
382 773 503 847 pareret
515 764 595 843 legio
606 764 742 827 Romana
755 762 880 823 tribuno
889 762 911 822 ⁴.
957 816 960 821 .

189 854 340 919 Dissimile
354 856 414 917 boc
427 855 491 943 illi⁸
504 863 564 929 est3
581 854 654 934 quia
668 871 746 927 non,
762 859 798 913 ut
809 850 896 913 lorsit
906 851 1061 913 honorem

189 945 264 1009 Jure
276 947 349 1008 mihi
361 945 494 1009 invideat
506 946 620 1027 quivis,
634 947 675 1007 ita
686 952 716 1006 te
726 943 1027 1025 quoqneamicum⁶‚
1089 964 1111 1002 a»

189 1034 360 1097 Praesertim
373 1044 499 1099 cautum
512 1036 621 1114 dignos
634 1053 803 1107 assumere,
819 1035 912 1113 pravb

190 1124 365 1187 Ambitione
378 1125 515 1206 procula
531 1122 664 1185 Felicem
677 1122 780 1185 dicere
792 1138 855 1183 non
869 1120 928 1181 hoc

190 1212 238 1277 Me
252 1214 375 1294 possim,
392 1232 464 1275 casu
478 1213 562 1294 qubd
577 1219 607 1273 tc
620 1212 746 1273 sortitus
759 1210 910 1273 amicum:

190 1304 280 1368 Nulla
294 1307 407 1369 etenim
422 1304 497 1367 mibi
511 1312 541 1367 tc
556 1303 620 1365 lors
631 1303 752 1365 obtulit.
768 1301 909 1382 Optimus
921 1300 996 1361 olim

190 1392 347 1473 Virgilius,
364 1402 433 1475 post
445 1394 529 1455 hunc
539 1390 669 1453 Varius⁸
682 1390 786 1451 dixere
799 1388 874 1468 quid
889 1405 998 1449 essem.
1088 1410 1111 1449 ss

191 1478 231 1543 Ut
244 1482 312 1541 veni
326 1484 443 1555 eorem,
459 1480 638 1560 singultim⁹
651 1497 748 1558 pauca
760 1479 896 1552 locutus,

191 1565 291 1629 iulans
303 1586 438 1647 namque
449 1568 576 1647 pudor¹⁰
586 1566 768 1647 prohibebat
778 1566 867 1646 plura
877 1566 1004 1646 prolati,

192 1652 259 1717 Non
272 1674 328 1736 ego
342 1674 392 1717 me
406 1656 487 1719 claro
498 1664 605 1718 natum
618 1664 720 1735 patre,
734 1673 798 1717 nou
811 1674 870 1734 ego
879 1656 998 1718 circum

192 1739 241 1804 Me
255 1739 431 1804 Satureiano
445 1743 558 1805 vectari
573 1760 643 1804 rura
657 1741 775 1804 caballo
782 1744 812 1818 ¹¹,

193 1824 253 1887 Sed
265 1828 349 1908 quod
360 1846 457 1903 mam,
471 1846 572 1890 narro.
584 1826 771 1909 Respondes,
784 1834 900 1891 uttuua
909 1837 956 1891 est
966 1848 1045 1905 mos,
1086 1854 1110 1892 n

193 1910 312 1977 Pauca:
327 1914 418 1987 abeo;
433 1924 464 1975 et
476 1932 599 1977 revocas
609 1932 692 1975 nono
702 1916 772 1995 pbst
783 1931 904 1991 mense,
914 1916 1066 1996 jubesque

193 2000 267 2065 Esse
280 2003 312 2065 iu
326 2004 494 2065 amicorum
507 2021 650 2066 numero.
663 2002 809 2081 Magnum
821 2001 880 2066 boc
891 2022 947 2083 ego
959 2005 1051 2080 duco,

194 2092 286 2169 Quod
298 2095 399 2177 placui
415 2096 486 2169 tibi,
502 2096 556 2177 qui
572 2096 655 2177 turpi
667 2096 801 2157 secernis
814 2096 1011 2173 honestum¹⁸‚

194 2182 261 2245 Non
274 2193 360 2264 patre
375 2186 530 2263 praeclaro,
543 2186 597 2246 sed
609 2185 669 2248 vita
682 2192 713 2245 et
726 2191 851 2265 pectore
865 2205 953 2265 puro.

194 2273 322 2353 Atquisi
338 2273 415 2335 vitiis
430 2273 637 2335 mediocribus
650 2292 686 2335 ac
700 2291 768 2333 mea
781 2274 886 2353 paucis
895 2274 916 2310 ¹⁸
1084 2301 1108 2341 ιι

194 2357 339 2423 Mendosa
353 2370 398 2423 est
412 2369 534 2438 natura,
549 2362 663 2441 alioqui
676 2370 759 2423 recta
775 2364 869 2437 (velut
879 2364 905 2425 si

184 2516 188 2524 “
223 2506 654 2571 l.·Scncbr'tqucdvlncot‚oderade·
695 2517 715 2555 c.
733 2510 891 2566 Varios.voy.
907 2514 929 2555 la
947 2518 1000 2556 note
1016 2523 1026 2558 t
1045 2516 1107 2558 dela
1156 2483 1157 2546 l

195 2560 294 2605 muniere
311 2564 323 2603 t
338 2564 445 2605 dominor.
458 2586 480 2593 —
492 2564 584 2606 Cornua
603 2568 640 2604 tu·
668 2574 721 2615 page
732 2571 763 2605 rt.

196 2612 283 2668 bosque,
303 2616 335 2658 les
353 2626 403 2658 cora
422 2622 444 2659 et
461 2616 494 2659 lae
513 2622 640 2669 trompettcs
694 2614 872 2670 asinarium,
891 2616 958 2661 d'une
972 2620 1022 2661 volx
1034 2627 1107 2664 eabe
1156 2653 1157 2658 ,

196 2668 244 2761 (pul
254 2669 445 2723 accompagnaicnt
454 2670 488 2711 les
500 2670 590 2711 convois
604 2669 639 2710 iu·
665 2668 755 2721 conpe'e.

196 2730 210 2761 n
225 2720 292 2771 brea).
309 2718 400 2765 Cornua
411 2722 502 2775 designe
516 2722 556 2765 des
571 2731 640 2764 trom-
696 2730 728 2765 to.
746 2720 830 2772 lalana
839 2722 922 2777 pudor,
937 2724 960 2768 le
973 2732 1059 2779 respect
1073 2728 1107 2782 qni

196 2777 267 2825 peltes
278 2780 365 2817 coactos
375 2782 396 2817 et
406 2775 552 2827 recourbe'cs3
567 2775 640 2828 tabae,
667 2773 702 2815 ote
712 2775 820 2827 laparole.

196 2822 236 2867 des
245 2831 373 2879 trompettes
383 2828 475 2881 languea
485 2836 507 2870 et
516 2828 607 2871 droitee.
697 2836 727 2870 ιι.
744 2826 836 2870 circam
849 2840 920 2872 ma...
932 2830 1031 2885 caballo,
1039 2844 1080 2887 que
1087 2834 1107 2885 ic

222 2884 241 2919 ι.
262 2878 323 2923 Tenet
339 2892 393 2934 noa,
411 2892 467 2924 nous
481 2880 565 2934 se‘duit,
585 2891 642 2923 noua
669 2878 773 2922 laiseisla
786 2882 934 2925 coardentes
946 2892 1016 2926 terres
1030 2898 1104 2928 surus
1156 2905 1157 2934 i

196 2928 293 2974 charme.
523 2953 526 2956 Δ
669 2933 1106 2993 chevaldebaturium,c’est·b·direquc
1156 2943 1157 2992 l

224 2988 244 3026 3.
261 2984 328 3035 Quem
341 2984 426 3027 rodant
443 2997 532 3039 omncs,
548 2998 587 3029 aur
604 2987 641 3039 qui
671 2997 717 3027 mee
727 2993 797 3028 terres
807 2987 891 3030 etalem
903 3000 965 3030 assez
977 2997 1048 3032 metes
1057 3003 1106 3043 pour
1156 2997 1157 3016 ³

197 3034 278 3079 chacun
290 3038 373 3090 seplalt
381 3042 394 3078 e
403 3040 498 3082 mordre.
670 3050 712 3091 qne
720 3039 743 3091 je
756 3040 806 3082 u'cn
817 3053 883 3094 puasa
899 3042 954 3083 latre
967 3043 987 3085 le
1001 3050 1049 3085 tour
1061 3046 1105 3097 qu't
1156 3051 1157 3080 l

222 3094 242 3133 l.
261 3088 641 3135 Tribuaclloracearaite'te'tribun
669 3092 752 3134 eberal.
773 3116 794 3122 -
812 3096 920 3135 Saturium
941 3105 969 3135 ou
991 3096 1105 3138 satureiam
1156 3117 1157 3154 p

197 3141 602 3187 milltalredansl'armeedcllrctus.
670 3145 817 3196 xrrujourtl’bni
827 3146 1105 3203 Sclarol.etaitnuepetita
1156 3161 1157 3190 l

225 3202 244 3238 5.
261 3194 315 3237 Hoc.
327 3198 387 3239 cette
397 3198 474 3250 charge
483 3200 510 3239 de
520 3198 593 3240 tribon
603 3197 642 3239 des
671 3198 722 3239 ville
735 3198 806 3241 sttue'c
819 3212 862 3241 non
880 3202 924 3242 lom
939 3206 967 3243 ne
980 3205 1075 3251 latente,
1085 3207 1105 3244 et
1156 3195 1157 3254 l

198 3246 288 3291 caldata.
299 3268 321 3277 -
333 3248 380 3291 Itlr'.
396 3250 492 3292 ramiro
507 3250 534 3291 de
547 3250 642 3294 Merena.
670 3255 763 3298 Tarento
772 3253 825 3297 ctait
834 3252 1104 3307 reuommdepouraesex-
1156 3257 1157 3266 ¹

223 3300 288 3359 Mc
297 3300 381 3355 qaoque
394 3302 505 3351 amicum,
518 3308 555 3344 ton
570 3303 644 3345 emilie
669 3306 760 3347 cellects
771 3306 893 3359 pcturagea.

194 3362 262 3401 aussi.
275 3356 387 3396 sons-ent.
395 3354 446 3409 jare
454 3355 563 3397 invideat.
697 3365 729 3400 ιι.
746 3358 815 3412 Turpi
832 3367 856 3401 et
876 3359 995 3402 baccatum
1017 3368 1063 3401 sont
1078 3372 1102 3403 aa

225 3412 246 3447 t.
259 3405 386 3452 Ambitaone
400 3408 495 3463 procul,
511 3408 562 3459 (des
575 3408 642 3462 amia)
670 3412 784 3454 mascnlin.

198 3463 238 3516 qul
253 3472 277 3503 ae
293 3460 392 3503 tieuncnt
408 3462 453 3503 loin
476 3460 503 3503 dc
522 3460 640 3515 l'lntrlgne,
697 3464 1102 3509 13.construlsea:ettltcmediccnbac
1156 3457 1157 3518 l

199 3513 586 3570 qulsoientetrangembl'tntrlgue.
668 3518 791 3571 ccpccca'c.
1156 3529 1157 3542 ¹
