2350 4067
296 268 490 314 nrrsromntm
514 270 596 315 urum
618 271 638 314 1.
664 257 712 315 15.
899 247 957 313 353

43 383 129 445 Dicet
139 400 246 463 equcs;
261 380 314 444 sed
329 382 399 463 equi
413 383 529 445 frenato
543 392 588 444 est
600 382 681 445 auris
694 383 726 445 in
740 394 817 462 ore);

4 494 6 523 ι
42 469 139 550 Major
154 479 258 533 utrum
272 473 420 553 populum
436 472 580 533 frumenti
593 473 679 551 copia
690 477 820 553 pascat¹;

4 586 6 645 ζ
44 558 231 621 Collectosne
245 560 348 621 bibant
362 560 474 620 imbres
488 566 636 640 puteosne
647 579 797 641 perennes
942 590 964 627 u

4 646 6 725 ff
43 645 128 725 iugis
142 665 227 726 aquae
242 652 332 722 (nam
346 647 415 709 vina
426 648 500 707 nihil
513 665 617 709 moror
630 648 709 710 illins
723 651 809 711 orae’.

4 732 6 739 ’
43 732 125 795 Rure
138 750 207 795 meo
221 752 345 815 possum
360 732 478 813 quidvis
489 734 623 814 perferre
634 734 772 815 patique;

4 864 6 881 2
43 821 92 882 dd
101 840 183 885 mare
197 842 293 905 quum
309 821 388 896 veni,
403 838 586 899 generosum
601 829 632 883 et
645 822 712 883 lene
726 822 858 904 requiro,

44 913 134 984 Quod
147 930 234 974 curas
247 910 358 991 abigat,
375 910 460 989 quod
474 928 546 971 cum
560 929 613 990 spe
627 910 718 972 divite
727 920 830 974 manet

4 1022 5 1083 ζ
43 1000 81 1063 ln
95 1019 184 1062 venas
194 1000 393 1080 animumque
406 1014 521 1073 meum,
538 1000 622 1078 quod
635 999 725 1061 verba
739 1002 917 1076 ministratu
940 1025 966 1061 aa

4 1166 5 1171 ἵ
43 1089 168 1153 Tractus
181 1097 249 1151 uter
262 1087 365 1168 plures
378 1086 506 1166 lepores,
522 1089 593 1147 uter
607 1086 716 1150 educet
729 1106 829 1169 apros,

43 1173 117 1237 Utra
130 1178 226 1255 magis
237 1175 334 1255 pisces
347 1180 378 1235 et
392 1172 530 1235 echinos⁸
541 1191 665 1253 aequora
677 1175 786 1249 celent,

44 1263 168 1343 Pinguis
182 1263 295 1325 utinde
305 1262 433 1324 domum
449 1262 561 1342 possim
577 1262 765 1342 Phaeaxque⁶
776 1261 894 1334 reverti,

44 1350 182 1413 Scribere
197 1360 226 1413 te
241 1350 338 1425 nobis,
356 1350 409 1412 tibi
424 1369 479 1413 nos
492 1350 654 1413 accredere
668 1370 721 1431 par
731 1358 785 1412 est.

86 1438 226 1502 blaenius⁶
240 1448 284 1514 ut,
301 1440 392 1502 rebus
407 1440 553 1501 maternis
563 1447 656 1519 atque
670 1440 803 1520 paternis
939 1456 965 1496 a

44 1526 173 1590 Fortiter
187 1526 364 1609 absumptis,
381 1528 531 1589 urbanns⁶
544 1528 636 1607 coepit
649 1527 767 1603 haberi,

44 1615 156 1679 Scurra
168 1636 271 1696 vagus,
287 1635 350 1680 non
365 1616 417 1697 qui
432 1625 551 1678 certum
567 1635 702 1696 praesepe
717 1623 849 1691 teneret,

42 1703 221 1783 impransus
235 1722 297 1766 non
313 1703 366 1784 qui
380 1704 478 1764 civem
491 1704 664 1765 dinosceret
677 1704 778 1779 hoste,

43 1792 193 1869 Qualibet
204 1794 235 1853 in
248 1791 387 1873 quemvis
401 1790 564 1873 opprobria
577 1792 694 1870 fingere
703 1791 831 1865 saevusl,

42 1882 196 1943 Pernicies
210 1888 240 1944 et
255 1888 417 1961 tempestas
430 1881 671 1962 barathrumque
683 1880 811 1957 macelli,
941 1902 967 1942 aa

43 1968 203 2050 Quidquid
217 1968 400 2050 quaesierat⁸,
416 1969 514 2030 ventri
528 1970 660 2032 donabat
673 1988 772 2033 avaro.

42 2057 110 2134 llic,
128 2057 180 2119 nbi
194 2057 336 2138 nequitiae
346 2057 514 2119 fautoribus
528 2064 559 2119 ct
573 2057 702 2119 timidis⁹
712 2058 756 2119 nil

46 2144 105 2207 dut
120 2146 244 2226 paulum
256 2145 429 2219 abstulerat,
449 2145 565 2226 patinas
580 2146 717 2207 coenabat
730 2144 836 2222 oma'si,

45 2227 118 2297 Vilis
131 2243 160 2295 et
172 2234 300 2314 agninae,
317 2232 413 2295 tribus
426 2232 504 2294 ursis
513 2234 597 2314 quod
612 2237 682 2296 satis
695 2243 788 2308 esset;

42 2317 164 2383 Scilicet
178 2333 211 2385 ut
221 2331 340 2384 ventres
353 2322 453 2383 lamna
465 2322 615 2384 candente
627 2330 775 2403 nepotum
943 2343 968 2385 aa
1044 2322 1048 2328 '

41 2408 166 2473 Diceret
179 2411 323 2486 urendos,
340 2419 493 2474 corrector
509 2410 657 2474 Bestius¹⁰.
676 2410 780 2484 ldem,

71 2572 387 2638 t.‘,lda19rutrum....copia
399 2581 491 2629 pascat,
550 2580 570 2618 s.
585 2572 694 2636 Fortiter,
707 2574 841 2618 brauement.
850 2596 877 2607 -
894 2574 967 2618 Urba·

41 2626 302 2682 (dens-momeqaetdes
312 2626 414 2681 deuxpcu
432 2628 493 2669 lasse
522 2638 576 2681 cue,
585 2633 691 2677 parasite.

41 2680 399 2733 nourritleplusabondammeut
423 2679 493 2730 eble‘,
549 2687 569 2723 ⁷.
585 2679 969 2736 Fiaqeresaecueequivanttaataue
1030 2700 1033 2705 ·

39 2732 184 2775 c'est-adire
191 2740 224 2775 est
235 2734 254 2774 le
262 2734 311 2786 plus
321 2733 381 2776 riche
390 2744 418 2775 en
429 2733 495 2774 mois⁴
523 2731 549 2775 ia
559 2731 672 2787 dnqerrdo.

40 2797 108 2829 sons.
119 2784 173 2827 daus
183 2787 253 2839 lequel
263 2785 303 2827 dos
312 2786 369 2827 deux
382 2786 493 2835 cudroits,
549 2792 567 2829 8.
592 2785 706 2840 Quidquid
726 2785 856 2841 quesierat,
875 2790 922 2827 tout
944 2797 969 2827 ca

40 2838 55 2879 a
65 2836 129 2894 Velia
138 2850 167 2879 ou
176 2840 189 2880 a
198 2839 301 2894 salerne,
311 2848 340 2881 on
355 2838 385 2881 vit
401 2838 449 2893 plus
460 2839 494 2879 ta·
522 2838 575 2892 qn’il
585 2840 686 2881 trouvait.

42 2889 160 2933 cilement.
549 2896 569 2934 t.
584 2890 696 2947 Nequitia
713 2889 856 2944 fautoribus,
869 2891 901 2932 las
917 2902 970 2944 prc-

70 2950 91 2985 2.
113 2942 172 2985 Vina
188 2941 251 2986 nibil
265 2955 344 2987 moror
359 2944 425 2988 illiue
441 2956 494 2997 cra,
523 2951 619 2987 tecteurs
635 2944 664 2987 du
686 2944 746 2996 vice,
762 2942 899 2986 dest-adire
916 2954 970 2985 ceux

37 2996 64 3049 je
79 3006 111 3037 ne
121 2995 249 3050 m’lnquietc
264 3008 302 3051 pas
315 2996 355 3041 des
364 2999 413 3039 rins
430 2998 456 3040 dc
470 3009 495 3040 cc
523 2996 560 3051 qui
570 2998 735 3040 eatretiennent
744 3003 923 3049 ctcncouragcm
933 3008 970 3038 ces

41 3046 109 3092 acu-
120 3049 140 3089 la
157 3051 205 3101 (cnr
219 3050 242 3103 le
257 3052 299 3092 ti'ai
314 3062 353 3105 pas
370 3051 494 3093 l'intcntion
523 3052 622 3092 mauvais
638 3052 753 3105 parasites.
769 3070 796 3079 ·-
812 3047 920 3101 Timidis,
932 3048 970 3093 xles

41 3101 95 3143 d'en
107 3101 186 3151 boire).
523 3114 577 3157 gens
592 3102 694 3150 timidas,
710 3112 766 3143 ceux
782 3101 819 3155 qui
834 3102 920 3143 n’osent
934 3114 971 3143 re-

71 3159 93 3197 3.
111 3153 493 3210 Ecbiace,hdrissons‚sortedeco·
525 3159 594 3206 t'user,
616 3167 680 3210 parce
697 3155 763 3207 qu'ils
775 3156 892 3209 craigncnt
904 3155 931 3196 dc
946 3165 970 3196 sa

41 3207 116 3261 quilla
133 3205 257 3261 eipincux.
524 3208 578 3251 taire
588 3220 617 3249 un
626 3210 715 3251 canenti
725 3219 764 3261 par
771 3219 800 3249 un
811 3208 879 3249 retus.

70 3266 91 3303 t.
129 3258 207 3314 baca,
224 3262 341 3304 semblable
357 3261 408 3303 bun
424 3260 495 3304 rhea·
553 3269 584 3305 to.
598 3261 690 3304 Scilicet
699 3264 758 3303 ut....
768 3259 867 3303 Bestius.
877 3259 925 3313 puis
935 3290 940 3306 ,
949 3265 971 3302 ct

41 3313 108 3363 tien,
118 3324 172 3367 gros
182 3324 266 3355 comme
277 3326 305 3356 un
317 3314 432 3357 Pbtaclen.
441 3317 494 3369 Voy.
524 3316 594 3362 alors,
611 3324 705 3356 censear
726 3313 787 3355 aussi
810 3311 886 3354 severe
904 3313 970 3365 qu'uu

41 3366 65 3407 la
75 3373 129 3408 note
140 3373 151 3407 ¹1
163 3366 191 3408 da
200 3366 282 3421 lapage
291 3372 337 3411 aaa.
524 3368 620 3410 Bestius.
640 3367 655 3409 il
673 3366 739 3409 discit
755 3364 806 3419 qu'il
824 3365 893 3407 sattait
911 3376 970 3405 ritar-

72 3417 242 3481 ananau
255 3420 330 3473 adaja
345 3418 380 3461 c'td
394 3420 495 3474 question
524 3421 638 3513 querd'un
654 3420 687 3462 ter
705 3429 771 3470 rouge
781 3418 813 3461 les
828 3426 917 3460 ventres
931 3418 971 3458 des

39 3470 160 3524 plusieurs
169 3472 212 3514 tors
225 3472 280 3515 dans
295 3473 328 3515 les
342 3472 428 3516 Satires
437 3474 465 3524 (l,
476 3482 495 3523 r,
539 3472 578 3515 issi
608 3479 675 3517 teurs.
689 3474 718 3515 cc
732 3471 825 3521 Bestius,
841 3471 896 3513 dont
910 3470 970 3523 purte

41 3531 92 3575 tut,
102 3529 127 3567 ct
135 3534 160 3566 m
167 3555 174 3575 ,
182 3526 219 3576 at)
230 3525 258 3569 de
265 3536 290 3567 cc
299 3524 391 3577 iterius,
401 3525 497 3581 parasite
525 3536 584 3567 aussi
593 3530 667 3575 Perse,
677 3524 731 3567 c‘tatt
738 3522 825 3565 celbbm
835 3534 891 3578 poue
898 3533 924 3564 sa
932 3520 964 3563 et·

43 3577 219 3622 etdisainatcur.
461 3588 467 3595 ’
525 3575 593 3620 vdritd
602 3588 624 3621 et
633 3588 688 3631 pour
698 3588 737 3620 scu
747 3576 841 3618 niratica.

836 3631 869 3686 ‘23
