2350 4067
361 242 520 289 elrtnlnuu
542 243 626 287 tinen
649 244 668 288 ι.
690 233 720 290 6.
944 234 1001 287 933

84 356 136 421 Vel
148 357 270 434 merito,
284 357 427 439 quoniam
438 359 469 419 in
482 360 605 439 propria
616 376 677 419 non
688 358 781 438 pelle¹
794 358 956 437 quiessent.

80 446 142 509 Sed
159 448 293 527 fulgente
307 448 398 509 trahit
411 448 589 510 constrictos
602 446 703 508 Gloria
717 464 809 507 curru

79 532 150 596 Non
165 536 269 597 minus
281 536 400 616 ignotos
413 536 577 617 generosis.
594 534 662 611 Quo
676 535 746 608 tibi,
763 534 857 608 Tilli²,

78 620 212 686 Sumere
227 625 398 705 depositum
413 626 548 699 olavum,
565 625 691 704 fierique
705 622 850 684 tribuno?

77 709 197 775 Invidia
211 712 355 785 accrevit,
372 712 488 793 privato
503 732 571 793 quae
586 713 687 774 minor
700 718 787 773 esset.
848 791 850 797 ,

78 796 158 861 Nam
172 809 207 862 ut
220 800 350 881 quisque
364 802 489 864 insanus
502 800 596 880 nigris
611 800 750 862 medium
763 799 901 879 impediit
914 818 983 863 crus

78 886 215 949 Pellibus
224 888 244 962 ⁸,
261 896 291 950 et
305 889 400 951 latum
415 888 537 949 demisit
550 896 674 969 pectore
687 888 806 948 clevum
815 886 835 961 ⁸,

78 974 348 1037 Auditcontinud:
363 1004 376 1030 «ι
388 976 463 1051 Quis
473 975 565 1036 homo
575 974 626 1036 hic
635 972 700 1035 est‘l
709 992 771 1054 quo
778 981 864 1054 patre
870 974 997 1036 natus‘lu

79 1059 121 1122 Ut
136 1062 162 1122 si
177 1063 230 1142 qui
243 1070 368 1141 aegrotet
381 1081 445 1144 quc
458 1063 586 1125 morbol
598 1061 724 1135 Barrus,
740 1060 844 1121 haberi
976 1084 1001 1123 ιι
1068 1055 1073 1069 “

78 1146 121 1210 Ut
135 1151 239 1230 cupiat
251 1150 419 1225 formosus,
436 1158 484 1213 eal
498 1153 708 1229 quecumque,
725 1149 834 1228 puellis

77 1232 320 1314 aniciate'uram
334 1239 492 1319 quaerendi
507 1239 641 1317 singula,
658 1237 740 1317 quali

79 1320 127 1383 Sit
140 1322 233 1396 faeie,
248 1328 333 1398 sure,
352 1325 434 1405 quali
450 1325 541 1405 pede,
559 1325 669 1396 dente,
686 1321 813 1402 capillo:

79 1408 131 1472 Sic
146 1412 199 1490 qui
213 1412 383 1491 promittit⁸
397 1414 491 1485 cives,
510 1410 618 1471 urbem
633 1409 689 1469 sihi
703 1428 797 1486 curae,

78 1495 248 1577 Imperium
264 1498 372 1562 foreat
387 1499 517 1573 ltaliam,
534 1497 661 1559 delubra
672 1496 823 1572 Deorum,
978 1521 1002 1558 ss

79 1581 151 1657 Quo
167 1593 253 1663 patre
266 1586 305 1647 sit
319 1593 422 1661 natus,
438 1602 515 1646 num
531 1583 634 1661 ignota
648 1591 745 1643 matre
758 1582 950 1659 inhonestus,
1043 1601 1044 1606 ¹

78 1666 197 1732 Omnes
211 1673 352 1734 mortales
367 1690 474 1733 curare
487 1678 518 1732 et
533 1688 671 1750 quaerere
684 1670 773 1748 cogit.
815 1691 817 1708 ⁴

81 1784 95 1811 u
114 1754 211 1834 Tune,
228 1758 310 1839 Syri,
325 1758 428 1821 Damae
443 1765 497 1820 aut
508 1756 634 1838 Dionysl
648 1756 753 1833 lilius⁷‚
768 1758 863 1820 audes
948 1769 951 1778 ’

76 1842 218 1923 Dejieere
231 1865 248 1907 e
262 1846 353 1908 ειιιιο8
367 1846 446 1907 cives
460 1855 513 1907 aut
526 1845 646 1908 tradere
660 1843 816 1907 Cadmoll

76 1934 167 1994 -At
179 1931 293 1996 Novius
306 1935 421 2012 collega
434 1934 531 2014 gradu
546 1942 615 2013 post
628 1952 679 1995 me
693 1934 778 1996 sedet
788 1935 894 2011 uno¹⁰;
973 1958 1001 1997 ro

77 2018 274 2100 Namqueest
285 2023 335 2083 ille
345 2030 430 2103 pater
440 2021 523 2102 quod
533 2030 597 2083 erat
606 2021 837 2084 meus¹¹.-Ilde
846 2022 901 2085 tibi
909 2022 999 2085 Paul-

76 2107 118 2169 Et
131 2107 284 2173 lllessala¹¹
296 2109 427 2173 videris?
441 2113 481 2171 At
493 2110 542 2171 hie
550 2110 570 2146 ¹³
597 2110 622 2171 si
637 2111 771 2186 plaustra
784 2110 916 2192 ducenta
942 2112 1001 2189 [lua

76 2271 118 2367 poi
128 2272 162 2315 sut
175 2273 241 2316 d'une
253 2273 349 2317 serente
362 2275 458 2318 extreme
472 2285 528 2329 pen·
557 2274 624 2335 parle.
634 2296 658 2336 3-
666 2276 742 2327 Syrus,
750 2277 837 2327 Damas,
846 2278 926 2329 uenas,
936 2286 1001 2319 uerus

93 2330 278 2369 antecoensnre.
556 2326 679 2368 ordinarres
689 2327 817 2369 d'esclares.

108 2388 126 2422 t.
148 2378 183 2421 Vel
192 2380 281 2431 merito,
296 2384 319 2422 et
330 2380 346 2422 ll
359 2380 431 2423 aurait
445 2380 527 2423 raison.
582 2384 603 2423 t.
616 2378 717 2432 Deiieere
729 2390 741 2421 e
754 2390 821 2432 eaeo,
834 2378 889 2423 faire
901 2382 958 2432 ieter
971 2380 1001 2424 du

78 2429 187 2483 -Pelle,
204 2444 240 2474 rna
257 2444 319 2487 peau,
336 2432 476 2476 c’est-a-dirc
491 2444 527 2475 ma
556 2430 646 2473 haurds
656 2432 678 2474 la
688 2432 755 2474 roche
764 2431 922 2485 (carpetanae),
936 2434 1001 2475 e’est-

77 2482 202 2526 condition.
556 2484 629 2527 a-dire
638 2485 772 2526 condemner
785 2485 799 2525 a
811 2493 876 2526 mort.
888 2486 1002 2529 Leaadai-

105 2544 126 2579 2,
143 2536 193 2587 Qud
207 2536 264 2590 tibi,
277 2548 320 2591 quo
337 2538 365 2579 t’a
383 2538 440 2581 servi
461 2537 528 2579 de...?
555 2548 593 2579 rea
609 2537 713 2591 capitales
730 2536 813 2579 etaient
828 2536 906 2597 jugaea
922 2550 963 2592 par
981 2540 1002 2581 la

79 2610 104 2620 -
122 2589 200 2631 Tillius
219 2588 346 2632 iuteresse
362 2590 391 2633 dn
408 2590 471 2633 senat
488 2602 528 2643 par
555 2590 651 2643 preteur.
670 2593 700 2633 La
717 2590 784 2631 roche
802 2591 929 2644 tarpeienna
950 2592 1003 2635 e'tait

78 2642 156 2692 cesar,
171 2652 256 2683 comme
270 2644 367 2697 partlsan
379 2644 407 2685 dc
419 2644 527 2695 l‘ompe'e3
556 2644 640 2685 volsine
649 2642 678 2684 du
687 2642 792 2695 capitolo.

78 2694 95 2735 ll
105 2704 118 2745 y
129 2700 205 2737 rantra
220 2694 284 2748 apres
303 2697 324 2737 la
340 2701 398 2737 mort
413 2697 441 2737 du
457 2696 527 2737 dieta·
582 2704 603 2739 9.
619 2696 708 2738 Cadmo.
718 2696 931 2737 Nomdubourreau.

79 2754 136 2799 tear,
148 2752 170 2788 et
179 2746 255 2789 devint
265 2748 338 2789 tribon
349 2748 388 2790 das
398 2750 488 2791 soldats.
584 2754 616 2793 1⁰.
636 2746 749 2791 Gradu...
768 2758 826 2799 uno,
845 2752 879 2789 cst
896 2748 1002 2799 assia(au

107 2804 126 2841 3.
146 2798 231 2859 llliprt's
247 2800 350 2852 pellibus.
371 2804 411 2843 Les
433 2802 528 2843 souliers
556 2800 650 2852 theatra)
660 2812 689 2842 un
698 2800 776 2854 gradio
790 2800 888 2842 derrierc
902 2801 958 2852 moi,
972 2812 1001 2843 ιιιι

78 2850 120 2893 des
133 2858 249 2895 senateurs
259 2852 341 2894 etaient
350 2854 426 2895 blanca
437 2865 465 2895 ou
474 2864 528 2895 eou-
555 2853 633 2907 gradio
643 2854 760 2895 au-dcssus
768 2853 796 2895 de
805 2853 857 2905 moi,
865 2853 1003 2896 dest-adira

78 2904 128 2945 leur
140 2904 283 2958 depourprc3
300 2906 328 2947 ils
342 2905 425 2948 etaient
438 2906 530 2947 mairac-
556 2911 592 2948 cst
602 2916 683 2948 encore
696 2908 747 2948 d’un
764 2917 815 2948 eran
832 2906 962 2949 audassouc
975 2907 1003 2947 do

79 2968 124 2997 nus
134 2968 174 3009 par
183 2958 222 2999 des
231 2959 342 3000 eourroies
352 2959 425 3001 neires
439 2960 476 3013 qui
486 2959 529 3001 lai·
557 2958 608 3001 moi.
616 2959 772 3010 Lespremiera
779 2958 869 3013 gradins
877 2959 960 3001 e'taient
968 2970 1003 3001 oe

78 3010 153 3051 saient
162 3012 184 3051 le
193 3018 242 3052 tour
251 3011 278 3053 dc
288 3012 308 3053 la
316 3011 396 3062 iambe.
546 3011 623 3065 'cupe's
640 3023 680 3062 par
696 3012 730 3054 les
751 3010 875 3065 ae'nateura,
890 3012 940 3065 puis
961 3022 1003 3054 re·

96 3066 127 3122 ,4.
141 3062 226 3105 Lotum
235 3063 333 3106 elecem.
344 3065 364 3106 le
373 3064 482 3113 laticlave,
492 3070 528 3105 tu·
557 3066 632 3106 ualent
640 3064 674 3105 les
683 3064 817 3114 chevaliers,
829 3065 862 3106 lea
871 3065 960 3119 simplos
968 3065 1003 3108 ci·

78 3126 149 3167 nique
170 3128 213 3169 que
233 3116 266 3159 les
284 3116 404 3170 patriciana
421 3117 530 3170 portoient
557 3123 634 3169 toyeus
642 3122 665 3158 et
673 3117 732 3159 enfin
742 3117 775 3158 les
784 3118 910 3159 adramitis.

77 3178 134 3209 acus
148 3168 169 3209 la
183 3176 239 3222 tego,
254 3174 276 3211 et
287 3169 325 3223 qui
338 3168 390 3211 e‘tait
405 3168 485 3211 hordeo
501 3172 529 3212 dc
586 3179 617 3213 tt.
632 3168 671 3211 use
680 3170 756 3213 ille...
765 3181 834 3220 meus,
843 3169 859 3211 il
869 3168 1004 3232 estceqn’d·

78 3220 153 3273 larges
164 3222 247 3264 burdes
258 3222 397 3276 depourpre.
558 3221 599 3263 tait
618 3232 668 3263 raon
686 3222 749 3275 pere:
769 3223 785 3264 il
804 3230 839 3264 est
854 3222 968 3277 affranchi,
982 3229 1003 3265 et

107 3280 129 3316 5.
141 3273 238 3325 Morbo,
254 3274 348 3316 maledie
363 3274 403 3329 (de
419 3274 528 3336 despotia),
556 3274 726 3327 moilesuiallls
737 3274 872 3318 dallmnclti.

42 3374 47 3379 ¹
77 3327 160 3369 munio.
171 3330 233 3369 cette
242 3326 315 3369 mania
324 3332 358 3369 est
367 3328 481 3381 expliquee
492 3338 530 3380 pur
585 3334 617 3370 η.
626 3326 683 3379 Hoc,
692 3339 747 3381 pour
756 3327 816 3378 cela,
828 3338 885 3381 pour
896 3333 952 3371 cette
961 3327 1004 3368 rai-

78 3380 110 3422 lea
120 3386 178 3422 nrcts
188 3378 267 3422 liaberi
276 3383 302 3421 at
314 3380 395 3433 cupiat
409 3380 528 3435 formosus.
558 3390 607 3421 son.
618 3402 644 3411 -
651 3384 692 3422 Les
701 3381 754 3423 Paul
762 3377 832 3422 Emile
840 3387 863 3421 et
870 3381 904 3423 les
910 3379 1003 3421 stessala

105 3438 124 3474 6.
140 3432 273 3482 l’romr'ttlt,
283 3437 368 3485 promet
378 3436 418 3484 (cn
428 3433 530 3486 ltriguant
557 3431 639 3475 etaient
676 3432 755 3475 ut-etre
764 3433 797 3475 lea
807 3432 902 3477 fumilles
911 3432 944 3474 lea
953 3433 1002 3484 plut

80 3483 112 3527 lca
122 3484 231 3540 suffr-ages
239 3484 279 3527 des
287 3485 402 3539 citoyens).
558 3486 633 3529 nobles
655 3489 751 3527 eltome.

111 3542 131 3579 t.
150 3537 217 3586 l'ane,
231 3544 274 3580 ete.
287 3536 346 3581 c'est
362 3538 383 3581 le
399 3538 477 3591 peuple
493 3539 528 3595 qui
585 3544 616 3584 13.
630 3535 775 3582 marcata
