2350 4067
300 314 495 371 aristolaum
518 316 600 368 arnna
632 324 652 367 1.
672 298 718 369 10.
899 288 974 363 -343

51 420 156 497 Quam
170 438 239 500 qua
253 437 308 501 per
317 438 451 502 pronum
463 419 594 501 trepidat
605 436 677 481 eum
685 434 844 481 murmura
857 416 977 479 rivum?

49 507 171 590 Nempe
188 508 266 570 inter
281 508 391 571 varias¹
406 510 542 571 nutritur
556 508 629 571 silva
637 508 802 580 columnas,

50 600 269 681 Laudaturque
283 600 393 662 domus
404 599 509 679 longos
524 616 593 680 quac
605 596 751 679 prospicit
765 614 862 675 agros.

50 688 199 752 Naturam
214 688 347 769 expellas
361 688 457 761 furca,
470 695 571 748 tamen
582 704 680 767 usque
694 688 857 759 recurret²,

51 775 90 837 llt
103 776 183 837 mala
197 783 376 856 perrumpet
390 775 499 837 furtim·
511 775 628 837 fastidia
639 774 756 836 victrix.
952 795 978 832 as

49 857 134 937 Non,
152 864 206 944 qui
222 864 348 927 Sidonio
363 864 551 925 contendere
562 862 690 925 callidus
703 863 799 925 ostro⁸

50 950 156 1014 Nescit
165 951 349 1033 Aquinatem
365 952 503 1033 potantia
515 952 628 1013 vellera
641 952 770 1027 lucuml,

50 1036 174 1100 Gentius
190 1039 318 1120 accipiet
333 1040 481 1103 damnum
498 1042 662 1124 propiusve
676 1042 834 1104 medullis³

52 1122 155 1201 Quam
168 1128 221 1207 qui
235 1144 299 1189 non
313 1128 424 1208 poterit
437 1147 509 1191 vero
523 1129 710 1209 distinguere
724 1130 834 1193 falsum

52 1212 157 1287 Quem
170 1233 219 1277 res
231 1214 300 1295 plus
314 1216 409 1279 nimio
422 1216 611 1281 delectavere
620 1218 772 1293 secundae,
953 1245 978 1284 ao

53 1300 176 1363 Mutata
191 1304 338 1387 quatient.
353 1304 383 1365 Si
399 1307 475 1387 quid
488 1307 650 1383 mirabere,
666 1309 775 1387 pones·

51 1386 180 1453 Invitus.
195 1388 278 1471 Fuga
291 1410 415 1472 magnam
428 1392 564 1457 licetsub
581 1412 717 1475 paupere
732 1400 813 1457 tecto

51 1475 150 1557 Reges
162 1486 193 1539 et
205 1497 313 1559 regum
326 1480 385 1542 vita
397 1483 598 1561 praecurrere⁷
612 1481 737 1544 amicos.

94 1564 221 1629 Cervus⁸
232 1586 359 1648 equum,
377 1573 480 1650 pugna
495 1570 615 1644 melior,
628 1572 845 1633 communibus
857 1572 959 1633 herbis

49 1652 196 1728 Pellebat,
213 1656 313 1718 donec
341 1657 459 1719 minor⁹
472 1657 506 1719 in
520 1659 685 1720 certamine
694 1660 786 1738 longo
953 1684 977 1722 as

48 1740 228 1821 Imploravit
241 1762 315 1827 opes
328 1745 471 1820 hominis,
489 1745 674 1830 frenumque
687 1750 811 1830 recepit.

50 1829 114 1891 Sed
125 1838 288 1913 postquam
301 1834 397 1896 victor
409 1834 525 1897 violens
539 1836 678 1899 discessit
693 1837 731 1899 ab
745 1839 845 1911 hoste,

49 1915 122 1981 Non
136 1921 269 2001 equitem
283 1920 384 1998 dorso,
398 1940 462 1983 non
475 1923 598 1986 frenum
612 1926 809 2007 depolitum,

50 2006 103 2068 Sic
119 2008 182 2087 qui,
199 2009 378 2091 pauperiem
391 2010 522 2085 veritus,
537 2012 656 2094 potiore
670 2015 799 2076 metallis

48 2097 203 2159 Libertate
214 2105 306 2171 caret,
319 2098 481 2161 dominum
493 2100 574 2161 vehit
583 2102 778 2182 improbus¹⁰,
790 2109 883 2183 atque
944 2126 976 2175 ,ιι

49 2184 168 2247 Serviat
176 2188 335 2260 ecterndm,
354 2187 426 2269 quia
440 2206 532 2269 parvo
547 2191 662 2252 nesciet
675 2191 719 2252 uti
728 2194 757 2253 ¹¹.

50 2274 109 2337 Cui
124 2292 186 2335 non
195 2274 355 2338 conveniet
368 2294 423 2339 sua
436 2295 496 2354 res,
512 2285 547 2341 ut
560 2279 681 2341 calceus
690 2280 797 2352 olimst,

50 2360 84 2424 Si
97 2362 175 2443 pede
187 2364 285 2443 major
299 2363 367 2439 erit,
383 2362 549 2441 subvertet,
563 2364 589 2429 si
602 2366 715 2442 minor,
728 2365 834 2429 uret¹⁸.

53 2516 134 2565 Tendit
149 2529 250 2575 mmpem
264 2516 390 2574 plumbum,
406 2520 505 2563 s'ellorce
528 2522 577 2575 plus
594 2515 650 2573 'pres
668 2520 696 2563 de
713 2521 735 2563 la
754 2519 832 2562 maella
850 2518 878 2561 da
895 2530 932 2561 aaa
942 2531 975 2570 ca,

50 2574 81 2617 de
94 2572 168 2614 briser
185 2572 206 2613 le
225 2572 316 2615 canduit
332 2570 359 2617 de
375 2572 465 2628 plomb,
484 2574 505 2616 le
529 2574 665 2617 c'est-a-dire
674 2574 711 2627 qui
722 2573 752 2616 lui
763 2573 861 2627 soitplus
870 2573 976 2615 sensible.

49 2626 127 2681 plomb
138 2624 175 2677 qui
183 2624 348 2677 l’cmprisonne.
555 2632 574 2670 6.
590 2626 709 2674 Mirabere,
718 2631 741 2669 tu
751 2626 879 2676 admireras,
889 2625 977 2667 εἰει-ιι-

81 2688 99 2723 r.
120 2678 505 2730 lamandodiverseacouleurs.ne
528 2678 975 2734 dirutajugerasdlgned’envie.-Ponea,

51 2731 143 2805 qodtde
156 2731 177 2773 la
186 2742 304 2785 campagus
319 2738 354 2774 est
367 2732 386 2773 si
397 2732 482 2775 natural
493 2732 506 2773 a
529 2740 551 2777 tu
561 2734 582 2776 lo
612 2734 713 2785 uittam,
724 2738 748 2776 tu
758 2746 771 2787 y
781 2742 924 2775 renonceras.
994 2747 996 2750 ·

50 2788 56 2828 l
67 2786 156 2827 homme
163 2796 205 2837 qne
214 2784 247 2826 les
256 2784 367 2826 babitants
375 2785 459 2827 memes
466 2786 505 2827 des
556 2794 574 2829 l.
593 2745 645 2830 aito
658 2794 803 2846 praecurrere,
810 2796 927 2838 surpasser
936 2794 974 2838 par

50 2839 119 2881 vines
134 2838 234 2891 plantent
247 2837 287 2880 des
303 2838 379 2879 arbros
397 2838 454 2880 dans
472 2839 505 2881 les
529 2838 976 2893 saviac'estbdrrevlvreplusbeureux,

52 2892 112 2947 porti
130 2890 390 2933 ueadalaursmaisom.
528 2892 803 2946 etraplusheurcuxque.

80 2952 101 2988 2.
139 2946 266 2989 alaram...
283 2945 388 2987 recurret.
398 2942 504 2987 boileaue
555 2952 575 2988 8.
592 2945 684 2994 ceram,
699 2951 741 2988 etc.
766 2944 862 2987 aristote
883 2942 977 2988 attribue

51 3027 133 3062 (abdam
139 3026 158 3058 1·
165 3026 246 3065 natural,
256 3024 269 3056 il
276 3022 348 3057 roulant
357 3030 380 3055 su
389 3021 451 3061 zalop.
528 2997 656 3094 Εξὲἷῐίἓῗὲὓ
667 2996 977 3093 ἀξίθῑῑῑξιὶἳῗιὲἓιέιξίῑὲξὲἒξ

80 3118 99 3157 3.
116 3110 210 3153 Sidonio
219 3108 348 3153 contendere
363 3110 435 3161 ostro,
455 3118 504 3161 rap-
529 3065 679 3157 eoncitoyeiss
687 3064 812 3166 ,campas
830 3103 851 3145 la
872 3103 926 3159 long
946 3101 975 3145 du

51 3165 148 3219 procber
156 3164 191 3214 de,
201 3174 315 3219 comparer
325 3164 337 3203 a
347 3161 366 3201 la
387 3170 467 3214 ourprc
477 3164 504 3205 de
530 3164 594 3211 tyran
606 3157 706 3199 Phalaris
717 3170 746 3199 ou
754 3156 831 3199 Gelon.

51 3222 97 3271 Tyr
111 3222 144 3269 (et
160 3214 360 3263 reconnaltreladi
377 3212 503 3256 e'rencedes
556 3218 575 3254 9.
591 3209 667 3252 Minor
677 3208 936 3264 serapporteaucbeval.

51 3273 113 3313 deux
126 3271 244 3322 couleurs).
557 3272 588 3307 ιο.
604 3263 738 3306 Dominum.
748 3266 777 3305 co
785 3264 875 3314 maltro,
885 3262 940 3323 c'est
955 3260 977 3323 la

81 3328 102 3367 l.
116 3324 284 3377 Aquinatem...
303 3320 396 3377 summ,
414 3320 447 3361 les
465 3320 505 3362 toi·
529 3314 634 3371 cupidite‘.
656 3339 678 3346 -
699 3316 827 3369 mprobus,
845 3314 977 3375 immodere,

51 3388 108 3420 aona
122 3378 160 3431 qui
173 3376 262 3418 boivcnt
274 3376 295 3417 la
311 3375 407 3416 ceinture
418 3370 505 3426 d'llqui·
528 3369 684 3411 o'estaed-dired
698 3380 765 3411 cause
774 3369 801 3409 de
809 3380 849 3410 aon
856 3378 949 3409 avariae.

50 3442 117 3483 num,
135 3427 270 3473 casea-dire
288 3430 309 3471 la
330 3426 388 3470 laice
406 3426 473 3468 teinta
491 3425 505 3467 a
560 3432 592 3466 rt.
611 3422 656 3473 Uti,
667 3420 963 3472 uuerdaseccmenrerde.

50 3484 173 3537 Aquinum.
189 3504 216 3513 -
233 3483 341 3535 Aquinum
358 3476 504 3531 (aujourd'hul
540 3502 543 3505 -
558 3482 591 3519 12.
606 3475 675 3526 Olim,
690 3473 782 3529 paridis.

50 3535 154 3590 aquino)
171 3546 200 3577 au
210 3532 251 3577 sud
262 3532 407 3584 deierantes,
422 3540 462 3574 sur
470 3530 504 3574 las
558 3534 589 3573 13.
601 3528 724 3580 Subcertot,
731 3526 752 3567 le
759 3524 922 3576 conversanda
929 3523 977 3567 lara

50 3589 141 3632 contina
150 3566 180 3631 du
190 3599 242 3641 pays
251 3586 290 3629 dea
300 3586 417 3629 samnites.
529 3583 625 3625 tumber.
633 3602 659 3611 —
673 3578 738 3631 Uret,
748 3579 769 3622 le
778 3578 880 3629 brdlera,
887 3576 977 3622 dant-l·

79 3648 100 3686 ε.
117 3640 214 3686 Preciae
226 3636 340 3692 medullis,
357 3638 394 3692 qui
413 3636 505 3692 penetro
530 3636 577 3679 diro
587 3634 723 3677 leblessera.
