2350 4067
307 295 504 342 nrrsromnuu
524 295 610 340 arana
630 296 649 338 1.
676 283 721 339 18.
916 279 973 335 365

37 410 117 471 Sub
132 410 213 489 duee
227 408 280 489 qui
295 409 414 491 templis
427 411 609 473 Parthorum
622 409 707 489 signa
717 407 828 487 religit¹

37 497 155 575 Nunc,
172 507 212 571 et,
226 499 251 559 si
264 498 338 578 quid
350 499 460 573 abest¹,
475 499 553 561 ltalis
567 499 717 577 adjudicat
729 498 829 558 armis.

37 586 103 659 Ae,
122 604 164 646 nc
176 594 205 646 te
219 586 367 647 retrahas³
379 595 409 647 et
422 585 633 648 inexcusabilis
646 585 735 657 absis,

39 670 200 747 Quamvis
214 672 255 733 nil
270 684 354 735 extra
367 691 531 737 numerum
545 673 651 735 iecisse
666 673 855 752 modumque

39 760 160 834 Curas,
172 760 327 823 interdum
341 762 463 839 nugaris
477 780 548 824 rure
562 771 706 844 paterno:
947 789 972 826 eo

39 844 187 909 Partitur
199 848 303 910 lintres
317 849 482 924 exercitus3
498 849 582 910 Actia
595 868 707 931 pugna,

39 934 90 997 'l'e
108 937 200 1010 duce,
215 956 271 1019 per
285 957 395 1018 pueros
409 938 508 999 hostili
521 957 607 1000 more
616 940 761 1012 rel'ertur3

40 1024 248 1088 Adversarius
260 1035 305 1087 est
320 1025 420 1101 frater,
435 1028 517 1089 lacus
533 1023 650 1101 Adrial,
669 1027 767 1089 donce

42 1114 240 1178 Alterutrum
251 1117 337 1179 velox
353 1115 480 1178 Victoria
496 1115 605 1179 fronde
619 1125 752 1178 coronet.

44 1201 228 1267 Consentire
241 1206 304 1267 suis
317 1206 424 1267 studiis
438 1204 490 1285 qui
501 1204 664 1267 crediderit
674 1212 714 1278 te,
946 1228 970 1267 ss

44 1287 163 1353 Fautor
176 1300 309 1373 utroque
323 1303 410 1355 tuum
424 1292 559 1354 laudabit
571 1292 695 1372 pollicel
706 1292 824 1353 ludum.

86 1378 230 1443 Protinus
245 1388 278 1443 ut
293 1381 461 1469 moneaml,
478 1380 502 1441 si
517 1381 593 1460 quid
607 1380 767 1442 monitoris
780 1399 850 1460 eges
864 1387 908 1455 tu,
982 1460 986 1470 Ι

45 1466 133 1543 Quid
147 1470 184 1531 de
196 1488 320 1550 quoque
333 1469 398 1530 viro
413 1477 443 1529 et
456 1468 505 1529 cui
518 1462 623 1541 dicas⁷,
640 1487 720 1547 saepe
733 1469 845 1531 videto.

45 1555 295 1620 Percontatorem
309 1557 425 1637 fugito:
442 1574 515 1617 nam
528 1557 667 1635 garrulus
681 1556 763 1618 idem
776 1566 836 1632 est;

45 1640 113 1704 Nec
124 1644 390 1725 retinentpatulae⁸
400 1642 561 1703 commissa
574 1641 702 1703 fideliter
711 1662 810 1715 aures,
944 1669 969 1705 re

45 1728 87 1790 Et
96 1732 190 1792 semel
205 1731 351 1793 emissum
366 1730 444 1793 volat
457 1729 649 1791 irrevocabile
662 1730 814 1792 verbum.

47 1816 179 1893 Qualem
191 1818 397 1894 commendes,
407 1818 497 1881 etiam
505 1826 596 1899 atque
610 1819 701 1883 etiam
711 1820 841 1901 adspice,
850 1837 967 1883 nemos

45 1904 200 1967 Incutiant
212 1907 308 1968 aliena
320 1907 375 1967 tibi
391 1917 514 1987 peccata
527 1908 690 1989 pudorem.

45 1992 201 2070 Fallimur,
219 2004 249 2057 at
260 1996 416 2077 quondam
431 2014 493 2057 non
508 1996 637 2075 dignum
653 1997 799 2060 tradimus
811 1997 841 2058 ¹⁰:
855 2016 938 2080 ergo,

47 2079 149 2155 Quem
162 2084 241 2145 sua¹¹
254 2083 343 2162 culpa
354 2091 484 2163 premet,
500 2083 645 2164 deeeptus
654 2085 758 2146 omitte
772 2084 860 2160 tueri,
940 2110 966 2148 rs

45 2165 86 2229 Ut
99 2170 220 2251 penitus
232 2179 351 2247 notum,
368 2172 392 2232 si
407 2179 522 2233 tentent
535 2172 672 2248 erimina,
689 2191 788 2234 serves

77 2353 94 2383 ι.
112 2340 243 2413 Templis...
254 2339 336 2395 refiqa't.
346 2343 399 2397 Voy.
409 2342 493 2397 l'argu-
519 2343 608 2386 lamein
622 2352 649 2385 en
662 2344 764 2386 baissam
773 2344 794 2388 la
806 2354 886 2406 poure3
901 2343 929 2388 ils
945 2348 966 2390 le

47 2400 108 2437 urent
117 2394 143 2436 de
152 2395 159 2435 l
167 2396 226 2437 orlev
236 2393 264 2436 du
274 2394 328 2437 livre
337 2397 374 2438 lll.
519 2397 613 2439 levaient
627 2408 656 2439 au
668 2398 778 2439 contraire
791 2398 839 2439 s'rla
854 2399 966 2443 roulaient

74 2456 94 2489 a.
108 2446 133 2489 Sa‘
141 2446 196 2501 quid
205 2446 274 2501 abeat,
288 2448 307 2489 si
317 2448 412 2502 quelque
425 2448 492 2491 chose
518 2449 733 2492 lamortduvainou.

45 2507 225 2553 rnanqueencore
235 2500 259 2550 (a
269 2500 389 2553 l’empire),
400 2502 492 2543 cest-a-
544 2508 563 2545 a.
579 2501 689 2545 Protinus
698 2508 724 2544 ut
732 2514 844 2558 moneam,
854 2514 966 2558 pourcon·

45 2553 94 2596 dire
104 2553 184 2605 s'ilya
199 2564 278 2595 encore
292 2554 386 2607 quelque
402 2552 491 2597 contree
518 2556 646 2598 tinuermes
655 2556 759 2605 conseils,
775 2567 830 2610 pour
844 2562 866 2598 te
878 2557 965 2602 donner

46 2606 83 2661 qui
94 2617 122 2647 ne
131 2605 172 2647 soit
179 2617 218 2659 pas
227 2607 346 2648 soumisea
357 2617 398 2648 nos
408 2608 457 2651 lois.
518 2620 600 2652 encore
608 2610 715 2664 quelques
724 2609 779 2661 avis.

73 2657 285 2703 adornaretur
307 2664 447 2721 nourquetu
462 2672 489 2703 ne
544 2668 563 2706 t.
579 2662 669 2717 Quoque
680 2661 806 2715 equimuta
834 2673 962 2718 merearque.

46 2719 67 2755 te
75 2712 152 2755 letires
162 2724 200 2764 pas
208 2691 294 2766 (quand
298 2716 334 2773 ton
344 2723 387 2755 amr
396 2719 448 2774 veut
455 2715 489 2754 al·
516 2716 549 2757 on
565 2716 667 2769 euplique
682 2715 761 2757 aussi:
779 2674 835 2769 quid
852 2714 922 2769 dicas,
942 2722 963 2759 rt

46 2766 80 2807 lar
89 2765 102 2805 a
110 2766 131 2807 la
142 2764 237 2817 chasse).
255 2768 285 2807 La
300 2771 355 2807 suile
370 2765 410 2807 des
427 2765 488 2809 ideas
515 2766 542 2810 da
552 2780 595 2823 quo
603 2768 652 2810 etro
661 2767 734 2819 dieas,
745 2771 765 2809 et
775 2768 812 2809 cui
821 2766 891 2810 dicus.

45 2823 94 2860 est:
105 2819 126 2859 Si
136 2826 158 2859 ιιι
168 2824 189 2859 te
201 2817 317 2860 relusaisa
332 2830 489 2874 accompagner
542 2827 562 2865 a.
583 2821 686 2874 Patala,
704 2830 822 2868 ouvertes,
841 2820 961 2865 curienses.

46 2874 83 2912 ton
93 2870 142 2921 anri,
152 2875 175 2913 tu
186 2871 320 2924 nepourrais
329 2871 426 2925 direque
434 2871 487 2915 c'est
542 2880 562 2916 a.
583 2874 688 2917 semet...
705 2872 849 2916 irrevocabile
862 2875 961 2917 cubum.

46 2934 110 2976 parce
120 2934 161 2977 que
169 2927 191 2965 tu
203 2934 227 2965 es
241 2924 344 2978 etranqer
352 2925 365 2965 l
373 2935 411 2966 ces
421 2935 487 2967 exer·
515 2929 545 2968 lte
552 2927 637 2979 meme,
648 2929 690 2971 Art
698 2926 812 2982 poetique,
821 2932 860 2970 39⁰
870 2942 875 2969 ι
884 2925 961 2972 Nescit

45 2976 116 3028 cices;
133 2987 176 3026 car,
191 2976 241 3018 bien
258 2988 300 3031 que
318 2982 341 3019 tu
356 2978 439 3032 egisses
458 2989 485 3021 en
514 2990 559 3021 coac
569 2981 740 3023 missorerertr'.

47 3034 149 3071 toutavec
158 3040 245 3071 mesura
254 3036 276 3071 et
284 3041 424 3073 convenance
433 3031 487 3081 (oc-
542 3041 573 3077 ro.
589 3032 715 3086 Quondam,
724 3031 897 3086 quelquelois.-
908 3031 963 3076 Tre·

46 3084 148 3135 merum),
158 3090 181 3123 ιιι
193 3082 297 3124 t'amuses
306 3083 358 3125 citez
373 3085 401 3125 toi
418 3084 432 3124 a
447 3083 486 3126 des
514 3082 669 3127 timeamus
677 3086 816 3140 presentans.

46 3136 151 3177 exereices
166 3135 305 3187 semblables,
322 3135 396 3189 quand
414 3141 436 3177 tu
452 3147 486 3179 re·
542 3148 572 3181 ιι.
588 3138 654 3192 Erqo,
669 3150 733 3193 quem
747 3139 961 3186 numerabamus

47 3186 156 3239 presentes
164 3187 186 3229 le
194 3188 283 3230 baraille
292 3188 407 3239 d'lctium,
416 3194 458 3232 etc.
513 3189 552 3232 des
568 3191 629 3232 ide‘es
638 3200 673 3232 est
686 3206 692 3233 ι
703 3194 724 3233 si
736 3199 757 3233 au
768 3192 815 3233 vola
830 3203 872 3245 que
885 3198 907 3233 tu
921 3192 960 3233 t'es

70 3244 89 3282 l.
105 3239 256 3284 Laerta-Adria
277 3241 298 3282 la
307 3242 367 3303 piace
375 3241 438 3284 d'eau
447 3254 485 3285 re-
512 3243 599 3296 trompe
607 3254 634 3285 en
645 3247 826 3287 recommendant
834 3256 862 3285 un
874 3243 960 3287 homme

46 3292 143 3346 pre'sente
152 3294 173 3333 la
180 3305 226 3335 mer
235 3271 366 3348 adriauque.
512 3296 550 3348 qui
561 3300 611 3349 ptus
622 3297 669 3338 rard
679 3297 732 3339 s'est
741 3299 809 3339 rendu
819 3297 923 3349 coupable
931 3297 960 3339 de

71 3352 90 3389 5,
104 3344 196 3396 Fautor,
203 3352 240 3388 ton
247 3354 410 3399 protectam.-
421 3347 485 3391 Utro·
528 3348 607 3403 uelque
617 3349 687 3400 laute,
697 3350 763 3405 garde
774 3352 802 3392 roi
813 3352 840 3391 de
849 3351 869 3392 le
880 3348 958 3391 de'len-

46 3410 87 3453 que
103 3396 332 3453 lacunariorum
347 3400 484 3453 plaudirade
512 3360 564 3453 dre,
584 3409 606 3443 et
622 3402 710 3445 reserva
731 3410 789 3445 toute
811 3408 847 3444 ton
869 3401 957 3455 energia

47 3457 114 3493 tontes
122 3462 158 3493 ses
167 3450 245 3495 loreas.
263 3412 346 3502 (lisand1
353 3453 386 3495 les
402 3460 484 3515 specte-
512 3466 566 3505 nour
576 3455 677 3509 protegor
686 3456 741 3497 celui
751 3456 804 3496 dont
813 3461 836 3497 tu
847 3466 872 3496 es
881 3455 928 3505 sur,
938 3454 956 3495 si

46 3507 102 3546 teurs
110 3502 296 3547 tuiantcontents
304 3505 355 3547 d'uu
364 3506 486 3560 gladiatam
511 3506 532 3548 la
541 3507 649 3549 momnis
658 3508 740 3550 roulait
748 3507 769 3549 le
779 3507 869 3549 noircir.
877 3509 925 3558 car,
937 3518 957 3549 sr

46 3557 127 3609 raincu,
142 3565 164 3599 et
179 3556 299 3599 desiraient
342 3568 409 3602 ason
424 3560 484 3603 reln-
511 3560 532 3602 la
551 3561 660 3603 mlonmie
678 3571 784 3603 remense
799 3567 837 3603 ton
854 3557 952 3614 protege,

46 3620 112 3664 queur
120 3609 141 3653 le
150 3609 226 3653 laisstt
234 3609 306 3664 vivre,
315 3613 345 3654 ris
358 3610 485 3657 ewnddent
510 3612 553 3657 elle
562 3619 584 3657 te
592 3614 790 3657 reuveneretton
801 3619 857 3657 tour.
