2350 4067
179 228 238 286 276
497 237 526 291 o.
551 238 667 284 uoulru
690 238 786 284 rurum

179 356 261 433 Quid
274 354 369 419 relcrt
380 354 490 416 morbo
503 373 543 417 an
557 355 647 417 furtis
660 373 848 436 pereamque
862 359 1012 440 rapinis¹l
1025 389 1040 417 ι

179 446 327 524 Quisnam
336 445 429 526 igitur
443 442 555 507 sanus?
564 443 625 519 Qui
639 462 701 505 non
717 445 839 508 stultus.
857 443 938 522 Quid
952 450 1079 517 avarus‘t

179 535 297 599 Stultus
309 542 341 596 et
354 536 490 597 insanus.
505 531 602 610 Quid,
619 531 643 593 si
657 532 726 612 quis
740 550 803 593 non
818 531 998 598 sit'avarus‘?

180 625 334 689 Continuo
348 621 475 686 sanus¹l
487 620 625 685 Minime.
641 618 713 694 Cur,
730 619 874 686 Stoice³?
888 623 1004 687 Dicam.
1070 653 1106 692 tto

179 713 248 777 Non
262 721 309 777 cst
322 714 479 776 cardiacus
492 711 683 788 (Craterum⁸
697 711 808 774 dixisse
822 717 940 794 putato)

179 805 236 869 Hic
250 825 342 886 aeger.
358 805 451 868 Recte
462 812 508 868 cst
522 805 624 884 igitur,
641 803 829 884 surgetque‘l
842 804 997 884 Negabit⁵,

180 893 271 971 Quod
284 894 363 956 latus
378 901 431 956 aut
443 911 532 954 rencs
545 891 654 954 morbo
673 899 830 954 tentantur
841 900 943 955 acuto.

179 985 248 1049 Non
262 994 309 1049 cst
321 988 464 1069 perjurus
478 1003 582 1065 neque
595 983 753 1058 sordidus;
770 985 909 1047 immolet
923 985 1021 1066 aequis

179 1073 235 1137 Hic
245 1093 376 1157 porcum
391 1072 536 1135 Laribus⁸
551 1090 559 1133 ε
576 1073 684 1133 verum
699 1073 925 1136 ambitiosus‘et
938 1073 1058 1138 audax:
1076 1099 1111 1138 res

180 1161 305 1244 Naviget
318 1162 495 1243 Anticyram
503 1163 524 1236 ⁷3
541 1160 618 1240 quid
633 1162 716 1222 enim
731 1161 844 1236 diflert,
861 1163 1044 1228 barathrone

181 1254 295 1318 Dones⁸
310 1254 463 1335 quidquid
476 1252 580 1326 habes,
593 1271 632 1313 an
647 1271 809 1334 nunquam
824 1261 911 1317 utare
925 1257 1076 1336 paratis⁹?

223 1377 236 1402 «
253 1346 376 1410 Servius
390 1346 540 1428 Oppidius
555 1344 693 1407 Canusl¹⁰
707 1347 769 1409 duo
784 1348 907 1428 praedia,
927 1347 1011 1411 dives

179 1436 317 1519 Antiquo
331 1455 438 1510 censu,
454 1434 682 1496 natisdivlsse¹¹
692 1435 815 1498 duobus

180 1529 299 1604 Fertur,
316 1536 347 1592 et
360 1531 419 1592 hoc
429 1527 565 1589 moriens
575 1527 679 1609 pueris
694 1529 808 1592 dixisse
821 1530 934 1592 vocatis
1078 1557 1115 1595 uo

181 1622 227 1682 hd
240 1622 355 1684 lectum
374 1639 381 1681 ε
400 1648 413 1673 ιι
426 1621 594 1698 Postquam
609 1622 639 1677 tc
653 1617 747 1691 talos,
757 1618 845 1689 Aule,
863 1635 1021 1698 nucesque

185 1739 197 1763 ι
215 1711 308 1772 Ferre
322 1711 392 1771 sinu
406 1708 507 1782 laxo¹²,
524 1706 640 1768 donare
655 1705 806 1788 etludere
816 1707 888 1780 vidi,

183 1826 195 1849 ι
214 1797 267 1871 Te,
283 1797 396 1873 Tiberi,
413 1813 586 1868 numerare,
603 1793 683 1858 cavis
696 1794 885 1857 abscondere
896 1798 1024 1870 tristem,

184 1915 198 1942 ι
215 1881 350 1950 Extimui
365 1905 403 1949 nc
416 1905 471 1948 vos
485 1895 590 1966 ageret
603 1885 724 1949 vesanie
739 1886 871 1961 discors,

185 2005 198 2030 ιι
215 1976 261 2038 Tu
275 1975 514 2050 Nomentanum,
530 1985 565 2037 tu
579 1994 619 2037 ne
633 1993 797 2055 sequerere
812 1975 988 2040 Cicutamss.
1078 2006 1115 2043 trs

185 2094 198 2120 ι
219 2063 330 2142 Quare,
346 2083 402 2146 per
417 2065 502 2127 divos
516 2072 619 2127 oratus
633 2070 765 2144 uterque
777 2063 917 2138 Penates,

184 2183 198 2209 ι
215 2154 271 2228 Τιι,
288 2173 359 2217 cave
373 2172 413 2214 ne
428 2153 559 2226 minuas,
576 2160 621 2226 tu,
639 2171 678 2214 nc
691 2154 791 2232 majus
805 2153 896 2214 facias
907 2153 965 2214 id¹⁸

211 2308 230 2342 t.
245 2295 325 2342 Fortia
334 2302 357 2340 ct
366 2295 459 2349 raptate
468 2306 497 2338 ne
506 2307 531 2337 se
539 2305 633 2349 rappor-
660 2296 759 2338 sacrifier
766 2307 808 2338 aux
817 2298 944 2340 Laressaus
951 2297 1057 2343 craindre
1064 2299 1115 2344 d'ul-

182 2359 278 2406 tempas
287 2362 331 2393 aux
341 2348 456 2398 heritiers,
467 2349 523 2390 urata
533 2360 561 2390 au
571 2360 633 2390 mar·
659 2349 732 2391 lumer
740 2350 788 2392 leur
798 2360 914 2393 courroux.

114 2445 116 2450 .
182 2406 256 2449 cheud
266 2405 304 2457 qui
316 2402 375 2446 vend
388 2403 409 2445 le
422 2403 454 2444 riu
469 2403 488 2443 si
502 2401 556 2443 cher
569 2407 592 2443 et
605 2413 633 2442 au
687 2409 706 2445 t.
722 2401 818 2456 Nuctqet
845 2404 994 2456 Arcticyram.
1014 2407 1072 2460 vop.
1094 2407 1117 2452 la

181 2458 283 2501 mddccm
291 2457 329 2512 qui
344 2456 442 2499 ordonuc
451 2455 491 2498 des
502 2455 603 2497 remedes
613 2455 633 2496 si
660 2463 711 2497 note
723 2464 744 2498 rt
757 2455 785 2498 de
794 2456 815 2498 le
824 2467 880 2510 page
895 2463 942 2500 att.

181 2513 281 2555 couteux.
610 2559 615 2568 ¹
687 2515 707 2552 s.
722 2507 839 2552 Borottro
854 2509 991 2562 dooer‚que
1005 2516 1028 2553 tn
1042 2511 1116 2555 lasscs

209 2573 230 2607 2.
245 2562 361 2608 concitato
379 2572 465 2609 sunus,
485 2559 564 2602 cst-il
583 2571 632 2602 satu
660 2561 741 2604 cadeeu
759 2563 771 2603 a
787 2574 817 2604 uu
835 2563 919 2617 gouffre
935 2563 1007 2614 do....,
1023 2576 1070 2618 que
1092 2571 1115 2608 tu

181 2630 237 2672 pour
246 2619 307 2669 cela,
320 2614 441 2657 s'cnsuit-il
455 2624 509 2667 pour
519 2613 566 2655 cela
579 2615 632 2668 qu'ii
658 2615 724 2665 jettes
734 2614 789 2656 daus
799 2627 829 2656 un
840 2615 933 2669 gonffre.

111 2688 112 2691 ¹
181 2673 262 2714 nitson
271 2671 313 2712 bon
323 2673 393 2711 sens?
686 2675 706 2711 9.
722 2665 828 2722 Porotta,
838 2681 863 2710 ce
875 2679 918 2722 quo
932 2678 957 2712 tu
972 2681 998 2712 as
1009 2671 1116 2720 amasse.

209 2731 228 2768 3.
240 2725 296 2779 Cur,
304 2719 393 2766 Stotce?
401 2720 519 2762 Stertinius
529 2720 633 2764 continue
660 2727 693 2762 tce
703 2720 821 2763 riclresses.

181 2779 283 2829 torrjours
296 2778 309 2816 a
323 2776 466 2828 &interroger
482 2773 595 2815 lui-meme
611 2783 633 2817 ct
687 2782 718 2818 ιο.
728 2775 821 2826 certost,
831 2775 844 2816 h
853 2775 982 2828 Canusium,
993 2776 1048 2820 ville
1063 2777 1117 2821 d’a-

181 2832 229 2873 inse
239 2829 354 2882 repondre.
364 2832 423 2871 ceux
432 2827 469 2880 qui
481 2828 528 2868 lont
539 2827 566 2868 de
575 2833 632 2870 cette
658 2827 730 2881 pulie,
739 2827 826 2870 uoisine
836 2827 863 2870 de
874 2831 983 2872 venouse.

181 2884 307 2926 discussion
326 2880 493 2935 philosophique
512 2891 541 2921 uu
560 2880 632 2922 dialo-
686 2880 1117 2935 11.Aartqeocerasquuprtst’esttma-

212 2948 224 2979 e
238 2942 302 2978 entre
317 2935 339 2976 lc
353 2935 443 2976 stoicien
455 2942 478 2976 et
487 2933 631 2987 Damasippo,
658 2933 704 2975 tion
721 2933 748 2975 de
764 2945 804 2976 nos
815 2934 906 2981 enciens
916 2935 926 2988 (
934 2937 997 2978 curii
1008 2947 1039 2978 ue
1054 2939 1117 2980 suffit

192 2990 213 3030 ui
222 2988 324 3031 colerent
337 2998 365 3028 en
374 2986 458 3040 grande
467 2986 536 3039 partie
546 2997 587 3029 son
597 2998 632 3030 ca-
657 2997 696 3040 pas
705 2987 842 3040 aujourd’hul
856 2986 939 3030 d'avoir
952 2989 1011 3031 deux
1026 2989 1116 3033 let-mes

182 3041 377 3093 ractereplatsant.
658 3051 712 3091 pour
728 3041 775 3082 dtre
789 3053 818 3082 uu
833 3040 922 3083 homme
937 3041 1019 3093 riche).
1032 3043 1116 3089 -Di-

209 3099 229 3139 t.
253 3093 384 3145 Craterum,
408 3092 496 3134 cratere
531 3091 630 3135 medecin
657 3095 829 3147 olesesyucope
853 3093 1014 3138 ourdtot'tt'sso.

182 3148 270 3190 lameux
284 3145 312 3188 de
328 3150 385 3206 cette
393 3123 528 3207 e'poquabn
539 3147 583 3187 voit
593 3158 631 3200 par
686 3153 717 3190 ιι.
735 3145 817 3197 Totos,
836 3105 988 3190 gesossclets.
1003 3149 1118 3193 -Ferre
1171 3185 1172 3188 ,

183 3202 216 3244 les
225 3203 302 3243 lettres
314 3197 342 3239 de
351 3198 443 3240 ciceron
452 3199 505 3252 qu'rt
518 3201 576 3240 aruit
584 3201 631 3242 soi·
657 3198 711 3241 sinu
720 3199 863 3255 lone,p0rter
873 3199 1049 3256 negligemment
1058 3203 1120 3246 dans

181 3253 225 3310 gud
234 3254 325 3296 Atticus.
659 3263 686 3293 un
701 3264 745 3306 pan
763 3254 791 3294 de
808 3260 829 3295 ta
844 3254 897 3296 robe
910 3256 976 3307 (sans
989 3261 1012 3298 te
1025 3257 1120 3300 soncior

210 3314 229 3352 5.
245 3304 307 3349 ltecti
317 3307 348 3346 est
357 3335 363 3356 ,
373 3303 389 3346 il
397 3308 432 3345 est
440 3303 529 3352 debcut,
539 3303 631 3346 c‘est‘h·
658 3306 707 3347 d'cu
717 3306 816 3360 perdre).

183 3361 232 3404 dire
249 3360 265 3402 il
281 3369 306 3402 se
322 3365 384 3412 porta
399 3357 459 3398 bien.
469 3355 631 3410 -Ncqobita
685 3366 718 3403 tt.
728 3358 908 3403 rllomeutcoum.
919 3363 973 3412 voy.
991 3360 1014 3402 la
1030 3367 1088 3406 note
1106 3369 1122 3406 u

181 3426 238 3469 pour
247 3412 304 3464 sujct
314 3412 334 3453 lc
345 3409 452 3471 niddecin.
658 3411 686 3454 de
700 3412 784 3466 inpage
801 3419 849 3457 tut.
857 3434 883 3444 -
894 3412 1008 3458 Cicutam.
1019 3416 1080 3468 Voy.
1097 3416 1121 3458 la

208 3474 229 3510 a.
238 3465 340 3510 Immolet
347 3462 559 3518 aquisttcporcum
564 3461 633 3506 Lori·
659 3471 709 3508 note
719 3470 730 3508 ³
740 3465 768 3508 dc
777 3467 796 3507 la
806 3476 861 3520 page
870 3472 918 3508 2⁷2.

183 3520 241 3574 buc,
255 3519 308 3572 qu’il
318 3516 407 3558 termole
415 3527 443 3556 uu
454 3526 507 3568 porc
516 3526 558 3557 aux
566 3519 633 3560 Lares
686 3525 718 3561 tt.
733 3518 767 3571 ld,
776 3519 832 3572 cela,
841 3519 982 3564 cust-adire
992 3520 1013 3563 le
1021 3519 1088 3572 bien,
1096 3519 1121 3562 ln

182 3568 633 3623 bieuveillants,c'estd·direilpeutdouc
660 3569 754 3616 tortore.
