2350 4067
368 264 530 317 sturmus(
550 266 635 317 nrum
655 266 675 313 1.
698 253 728 314 4.
949 262 1004 319 221

89 382 128 446 llt
140 398 255 465 pueros
268 386 299 445 et
312 398 398 443 snus.
412 408 426 435 ιι
442 382 595 463 Agedum,
608 402 704 466 peuce
718 386 820 469 accipe
833 387 963 449 comsit

130 471 270 533 Primdm
280 489 337 551 ego
344 488 393 533 me
401 470 537 547 illorum,
546 472 683 535 dederim
693 474 804 554 quibus
812 493 879 537 esse
888 476 993 554 poetis,

89 558 261 641 Excerpam
275 577 425 622 numero:
441 577 543 640 neque
559 560 642 622 enim
656 562 837 624 concludere
847 580 969 625 versum

90 648 210 711 Dixeris
225 665 290 709 esse
305 649 403 721 sads²;
421 665 534 727 neque,
550 646 574 709 si
591 647 644 727 qui
659 648 769 710 scribat
783 651 827 711 uti
840 668 896 711 nos
988 673 1014 713 ro

91 734 249 799 sermoni³
264 735 417 816 propiora,
433 741 523 813 putes
537 733 621 796 bunc
635 753 701 797 esse
715 743 846 815 poetam.

91 820 256 903 Ingenium
270 821 318 883 cui
333 821 382 896 sit,
394 821 444 884 cui
457 840 545 884 mens
560 821 702 898 divinior,
717 830 809 903 etque
822 843 857 887 os

91 911 201 991 blegne
213 919 405 984 sonaturum,
421 912 475 973 des
487 911 623 973 nominis
635 912 728 992 hujus
742 913 901 977 honorem.

92 998 226 1063 Idcirco⁸
240 998 377 1078 quidem,
395 999 544 1061 comoedia
559 1017 658 1061 necne
671 1018 781 1079 poema

92 1086 190 1162 Esset,
203 1087 380 1167 quaesivere,
398 1085 482 1167 quod
496 1104 565 1148 acer
579 1087 721 1167 spiritus⁸
735 1106 769 1149 ec
784 1087 828 1149 vis
990 1112 1015 1152 ss

92 1174 156 1239 Nec
167 1174 266 1237 verbis
281 1192 339 1235 nec
353 1173 447 1235 rebus
460 1173 555 1250 inest,
570 1175 629 1237 nisi
644 1174 729 1256 qnod
743 1175 822 1255 pede
836 1184 919 1239 certo

92 1262 200 1325 Differt
214 1260 358 1337 sermoni,
376 1279 478 1323 sermo
492 1260 703 1323 memet-dt
716 1268 802 1340 peter
814 1263 923 1325 ardens

94 1349 184 1413 Saevit
198 1350 292 1430 qudd,
308 1349 468 1411 meretrice
481 1367 578 1429 nepos
593 1348 733 1410 insunus⁸
746 1349 853 1427 amics,

94 1439 188 1503 Filius
200 1456 329 1499 uxorem
345 1438 452 1517 grandi
467 1456 538 1499 cunr
553 1437 624 1498 dote
638 1444 770 1511 recuset,

94 1526 205 1591 Ebrius
219 1533 251 1589 et
263 1530 422 1605 (magnum
435 1524 519 1605 quod
531 1524 690 1599 dedecus⁹)
701 1523 838 1586 ambulet
851 1535 922 1587 ante
994 1551 1019 1589 so

94 1614 223 1679 Noctem
231 1633 302 1677 cum
316 1611 645 1693 lacibus-Numquid
661 1613 849 1697 Pomponius
862 1616 927 1678 istis

93 1706 222 1770 Audiret
235 1705 382 1778 leviorar,
396 1710 483 1785 peter
497 1702 521 1764 si
537 1702 669 1767 viveret?
680 1703 761 1784 Ergo

94 1793 165 1857 Non
178 1795 249 1857 satis
261 1800 306 1855 est
318 1792 428 1875 puris¹¹
443 1810 568 1854 versum
583 1793 773 1872 perscribere
787 1791 899 1867 verbis,

95 1884 198 1961 Quem
213 1884 237 1945 si
252 1882 408 1957 dissolvas,
427 1881 527 1963 quivis
543 1882 752 1944 stomachetur
766 1883 874 1944 eodem

95 1968 166 2047 Quo
180 1974 359 2048 personatus
373 1974 461 2048 pecto
474 1968 595 2047 pater¹².
611 1966 674 2042 llis,
691 1987 748 2047 ego
763 1986 831 2049 que
845 1985 940 2043 nuno,
995 1993 1020 2031 rs

96 2056 179 2119 Olim
193 2073 262 2135 quse
273 2055 394 2135 scripsit
407 2052 554 2126 Lucilius,
570 2054 680 2134 eripias
691 2056 717 2116 si

5 2224 6 2227 Ἴ
95 2141 1022 2224 Temporecertc¹⁸modosque,et,quodpriusordineverbum

96 2230 254 2294 Posterius
268 2228 367 2303 lucios,
383 2246 566 2309 praeponens
579 2228 687 2290 ultima
700 2228 818 2307 primis,

96 2314 179 2393 Non,
194 2323 228 2378 ut
240 2316 265 2377 si
279 2316 376 2377 solvas
392 2342 405 2369 «ι
422 2314 588 2395 Postquam
595 2313 615 2349 ¹⁸
629 2313 786 2374 Discordia
799 2320 876 2381 tetre

97 2405 199 2469 Belli¹⁵
210 2405 337 2468 ferratos
349 2411 450 2485 postes
462 2412 627 2485 portasque
640 2401 798 2480 refregit·
998 2424 1024 2465 rs

127 2589 146 2625 r.
165 2578 247 2633 Accipe
262 2576 357 2629 conrrd,
373 2574 451 2619 tooure
468 2588 497 2621 cn
512 2576 549 2621 rt-
582 2630 587 2641 Ι
604 2572 1024 2638 t.Ncpcs,dissipnreur.-7llrrctricc

98 2643 308 2745 pogffiortcluderc,
322 2682 444 2745 renlermer
453 2682 518 2737 (dens
528 2682 550 2727 le
578 2640 752 2725 'nganffidffi
760 2628 982 2741 ᾱᾶἓοὲοοέἔῃεῗξνὲε
995 2692 1024 2724 ne

99 2739 192 2781 nombre
208 2736 235 2779 de
252 2737 314 2791 preds
330 2734 445 2789 neguber).
461 2734 549 2778 -Esse
577 2732 882 2790 mengeeientqu’nucouchcr
890 2732 920 2774 du
930 2733 1001 2776 solerl.

98 2794 166 2844 sotto,
175 2790 223 2833 etro
232 2787 490 2843 esseutpourmeriterle
499 2796 550 2830 nom
607 2795 638 2831 ro.
661 2790 766 2839 deutoro,
783 2787 823 2829 des
840 2785 959 2841 reproches
974 2787 1024 2842 plus

100 2844 129 2887 de
139 2844 220 2899 poeto).
577 2840 658 2895 le'gcrs.
669 2842 720 2894 plus
728 2841 795 2883 doux.

128 2901 149 2939 s,
169 2894 287 2945 Sermoni,
304 2894 325 2935 lc
343 2892 510 2944 conversation,
529 2893 551 2936 lc
607 2892 1027 2947 rullocsauscrcocn’esrpasusses

101 2950 160 3003 style
170 2947 199 2991 dc
207 2948 229 2990 le
238 2947 401 2998 conversation,
412 2948 432 2988 la
444 2958 516 3000 prosc.
578 2948 586 2991 l
589 2957 645 2997 pour
660 2947 750 2989 moriter
764 2946 786 2989 le
800 2956 852 2988 nom
869 2945 897 2989 de
910 2947 990 2999 poete).
998 2965 1026 2977 -

129 3007 150 3045 l.
165 3000 265 3052 Idcirco,
274 3002 327 3041 c'cst
335 3000 450 3053 pourqnoi‚
459 3000 551 3053 potsque
578 2998 658 3052 Puris,
667 2999 766 3053 simplos.

103 3056 167 3099 telles
176 3058 228 3095 sont
235 3053 268 3095 les
277 3052 371 3107 qualites
380 3054 445 3107 qu'on
453 3052 551 3107 exigedu
608 3060 640 3095 ru.
650 3051 788 3094 Perspectus
797 3055 870 3106 poter,
878 3052 900 3094 le
908 3050 961 3105 pere
969 3050 997 3092 dc
1004 3050 1026 3091 ls

102 3110 174 3163 poete.
579 3104 685 3147 comedis.
696 3108 755 3147 bens
765 3107 797 3147 les
811 3104 908 3147 chencres
922 3106 1024 3153 enciens,

110 3168 150 3205 ·5.
166 3160 223 3205 Acer
235 3158 346 3215 spiritus,
363 3168 406 3201 une
421 3157 550 3212 inspiration
580 3158 617 3211 qui
636 3157 718 3199 e'micm
735 3159 870 3210 immensos,
890 3157 923 3198 les
940 3162 1026 3197 nctcurs

103 3214 161 3265 nivo,
170 3212 253 3256 clerte.
609 3211 691 3252 rtaicnu
706 3223 736 3253 un
749 3221 839 3264 musque
850 3212 964 3267 (persono)
974 3207 1026 3249 dont

129 3274 151 3312 o.
166 3265 219 3310 Niso¹
229 3264 290 3320 qudd
298 3264 350 3319 pede
357 3270 415 3308 certo
423 3263 500 3318 differt
507 3276 552 3306 scr·
580 3222 696 3305 ffooocuc
706 3264 795 3305 lornrair
805 3274 833 3305 un
845 3267 971 3315 porte-rou.
981 3311 985 3320 ¹

103 3318 176 3373 moni,
191 3329 264 3360 sermo
278 3329 366 3369 merus,
377 3326 399 3361 er
409 3329 458 3371 que,
469 3318 520 3359 seut
531 3317 553 3359 lc
610 3315 756 3370 1³.Tcmporo
765 3320 835 3367 certo,
845 3316 877 3358 les
885 3318 955 3366 temps
963 3322 1026 3365 regn·

103 3373 214 3426 rhythme,
221 3372 274 3413 c'em
284 3371 305 3412 le
313 3371 390 3425 simple
398 3371 491 3424 lengagc
498 3371 525 3412 de
532 3370 553 3411 la
579 3369 642 3419 liers,
652 3370 672 3409 lu
679 3368 785 3421 quantire'.

106 3421 378 3478 conversation-Differ
385 3424 484 3467 sermoni
493 3422 554 3478 equi·
610 3427 642 3467 ll.
647 3420 777 3475 Postquam,
783 3421 880 3462 crevens
886 3416 1028 3462 desdnnales

108 3484 157 3519 rent
167 3474 180 3515 d
190 3475 264 3529 diflert
273 3487 289 3517 c
297 3486 403 3519 sermone.
581 3475 694 3527 d’Ennius‚
705 3476 741 3528 qui
751 3484 779 3515 ne
788 3483 844 3514 nous
858 3477 909 3513 sont
921 3482 960 3524 pus
973 3481 1027 3523 pnr-

132 3538 154 3573 ·1.
169 3527 553 3625 At,meisgmedirs·t·on).-Ar-
580 3537 671 3571 rennes.
712 3578 717 3588 ι

105 3581 168 3635 doce,
177 3582 280 3624 cudamus
301 3580 435 3635 (decolore).
611 3586 642 3623 rs.
658 3578 724 3623 Bctlr.
734 3581 764 3621 Le
773 3578 853 3632 templo
862 3577 889 3620 dc
899 3578 967 3619 tauns
975 3587 1025 3620 res·
