2350 4067
181 256 238 315 aul
497 269 525 321 Q.
551 269 666 313 suumn
688 268 783 316 raico

183 379 334 453 (illiciunt,
353 396 493 440 nummos
508 379 622 440 alienos
634 382 762 459 pascet¹,
779 380 817 440 ad
831 380 930 441 imum
1102 408 1125 446 ss

183 468 295 533 Thrax¹
307 468 373 541 erit,
389 476 442 530 aut
455 468 569 530 olitoris
580 476 649 547 aget
662 468 803 530 mercede
817 469 985 531 caballum.

222 558 374 621 Arcanum
388 575 489 637 neque
504 564 537 617 tu
551 555 732 617 scrutaberis
742 556 835 617 illius³
847 574 1006 636 uuquam,

184 646 449 724 Commissumque
463 654 545 723 teges
559 654 589 706 et
604 645 673 706 vino
689 652 787 706 tortus
800 652 831 705 et
843 645 911 718 ira'·,

184 734 247 797 Neo
260 744 311 797 tua
325 733 460 796 laudabis
474 734 573 794 studia
586 740 639 795 aut
652 733 749 794 aliena
764 734 941 815 reprendes,

185 824 257 899 Nec,
274 842 371 905 quum
384 825 485 885 venari
494 825 573 885 volet
587 824 647 895 ille,
664 830 802 903 poemata
814 841 938 904 panges.
1104 848 1129 885 n

185 912 286 975 Gratia
300 913 344 974 sic
357 911 484 973 fratrum
498 914 702 990 geminorum,
714 911 892 992 Amphionis
900 922 1000 999 atque

185 1000 292 1077 tetur,
309 1002 446 1075 dissiluit,
460 1003 556 1063 donec
571 1010 710 1083 suspecta
724 1002 843 1064 severo‘

187 1089 339 1153 Conticuit
353 1092 426 1171 lyra.
442 1089 593 1153 Fraternis
608 1091 731 1151 cessisse
745 1097 869 1170 putatur

187 1178 322 1243 Moribus
336 1179 487 1260 Amphion
499 1201 505 1252 ;
520 1186 554 1240 tu
568 1180 642 1241 cede
655 1180 787 1260 potentis
799 1179 887 1239 amici

188 1268 318 1331 Lenibus
329 1270 479 1350 imperiis:
495 1270 675 1351 quotiesque
688 1270 799 1331 educet
812 1269 843 1329 in
856 1286 944 1347 agros
1103 1292 1127 1329 a

188 1356 305 1420 AEtolis⁷
321 1367 443 1419 onerata
457 1358 550 1439 plagis
561 1361 699 1439 jumenta
715 1376 877 1437 canesque,

189 1444 295 1527 Surge,
307 1454 337 1508 et
350 1446 523 1509 inhumanae
537 1448 671 1509 senium⁸
685 1445 803 1526 depone
819 1444 970 1519 Camenae,

190 1534 296 1596 Coenes
311 1542 344 1597 nt
357 1534 470 1615 pariter
479 1536 636 1615 pulmenta
651 1534 818 1595 laboribus⁹
831 1540 949 1613 empta3

191 1622 332 1683 llomanis
346 1625 469 1685 solenne
482 1624 553 1685 viris
567 1641 656 1704 opuS,
668 1622 741 1683 utile
755 1622 842 1683 lamae
849 1623 867 1656 ¹⁰

193 1712 326 1789 Vitaeque
339 1718 371 1772 et
385 1711 540 1785 membris,
558 1712 726 1793 praesertim
745 1729 843 1791 quum
856 1712 955 1773 valeas
971 1719 1002 1774 et
1099 1735 1122 1769 so

191 1796 245 1858 Vel
259 1816 349 1859 cursu
361 1816 503 1879 superare
516 1818 623 1860 canem
636 1799 684 1860 vel
696 1799 811 1860 viribus
823 1818 932 1879 aprum

192 1883 300 1945 Possis.
312 1884 405 1959 Adde,
422 1885 516 1945 virilia
525 1887 608 1965 quod
619 1887 782 1967 speciosius
788 1889 806 1921 ¹¹
819 1905 903 1947 arma

192 1970 259 2033 Non
274 1973 382 2053 estqui
398 1980 523 2036 tractet:
540 1974 598 2035 scis
613 1994 674 2054 quo
689 1976 820 2036 clamore
834 1994 954 2038 eorouae

193 2061 299 2139 Proelia
312 2063 460 2124 sustineas
474 2065 686 2144 campestriafl.
703 2064 842 2144 Denique
856 2083 965 2126 sevam

193 2147 327 2213 Militiam
342 2167 417 2230 puer
432 2156 462 2210 et
475 2147 651 2210 Cantabrica
664 2150 770 2212 bella¹³
784 2150 888 2221 tulisti,
1098 2176 1121 2212 ιι

221 2323 240 2359 l.
249 2312 364 2360 Nummos
374 2314 460 2357 alienos
469 2317 555 2367 poscet,
565 2315 580 2356 il
595 2314 642 2356 tera
694 2319 716 2356 o.
726 2312 816 2366 Severo,
825 2313 847 2355 le
863 2312 953 2366 severe,
970 2313 992 2356 le
1011 2314 1123 2360 tarouche

209 2366 263 2410 altre
280 2369 311 2411 les
321 2366 372 2409 e'cus
386 2367 490 2417 d’autrui,
499 2367 642 2409 dest-adire
669 2367 756 2409 zethus.

194 2380 209 2463 ll
229 2422 371 2482 engraissera
386 2420 417 2481 les
437 2419 489 2461 dens
507 2420 609 2470 d'autrui,
626 2420 641 2461 il
695 2427 714 2462 r.
729 2419 814 2463 AEeom
822 2419 1123 2482 marquequ'lls’agitd'une

194 2472 642 2587 lalandella,cusan
668 2473 1122 2588 {taratantaratratatlt

195 2590 224 2623 un
234 2579 366 2633 gladialem,
379 2589 416 2621 car
427 2580 447 2619 la
454 2582 536 2620 'l'nrace
545 2590 571 2619 en
585 2578 642 2621 lour-
668 2578 775 2633 devastart
783 2579 815 2621 lea
825 2589 955 2632 campagnes
964 2578 993 2621 de
1005 2581 1121 2637 calydon,

195 2632 274 2675 nissait
285 2644 312 2673 un
331 2632 422 2673 nornlne
438 2630 596 2675 considerable.
669 2631 720 2674 ville
730 2632 827 2674 d'Etolie.

223 2690 242 2729 3.
257 2684 334 2728 Illius.
349 2684 437 2727 Getami
448 2684 556 2737 paissant.
695 2692 715 2729 8.
729 2683 876 2736 Inhumana,
887 2684 997 2738 famaene,
1007 2685 1049 2739 qui
1062 2692 1122 2733 aima

222 2742 242 2780 ι.
256 2736 416 2781 Vmotortuset
426 2736 642 2791 trrt,(quoique)mia
669 2738 797 2781 lasolitude.
808 2760 832 2769 -
843 2738 948 2789 Senium,
965 2738 1065 2783 hameur
1079 2756 1124 2785 mo·

196 2791 331 2844 al'epreuve
346 2802 385 2844 par
398 2791 465 2833 levin
481 2796 504 2831 ot
520 2791 542 2832 la
556 2791 642 2845 colere,
669 2802 727 2841 roae,
736 2791 840 2846 chagrine
850 2791 1054 2843 (commeeelladea
1062 2797 1124 2839 nteit

196 2843 338 2887 e’est-a-dire
354 2845 403 2885 bien
421 2843 474 2898 qu'il
486 2853 563 2895 essaye
579 2842 607 2885 de
621 2852 643 2886 te
668 2844 747 2895 larda).

197 2894 316 2939 l’arraehar
330 2898 342 2937 ι
354 2896 417 2939 l'aide
430 2896 457 2939 de
470 2896 569 2939 l’ivresae
579 2898 643 2939 ouda
696 2904 717 2941 a.
731 2896 869 2951 maeatas,
883 2896 919 2940 les
935 2898 1027 2953 latiguea
1044 2900 1088 2953 (da
1102 2903 1122 2945 la

199 2948 223 3010 ιιΙ
228 2948 307 2991 ealdre.
325 2950 367 2991 Ara
381 2948 489 3011 poetique,
506 2953 562 2991 lat:
578 2949 644 3003 nepes
670 2951 767 2996 chasse).

200 3002 308 3044 demantur
319 3002 399 3043 malas
412 3013 492 3056 erpere
508 3001 604 3045 catallis
615 3002 643 3044 Et
699 3012 730 3047 ro.
746 3003 763 3045 0
780 3013 807 3044 us
817 3001 909 3055 designa
922 3004 944 3046 la
951 3004 1121 3051 chasse—Fa·

200 3056 302 3107 torquere
313 3063 406 3113 mero...
671 3067 720 3108 ma,
730 3056 752 3097 la
765 3014 838 3097 ionae
856 3057 993 3109 renommee;
1012 3058 1032 3099 le
1051 3061 1121 3102 chaa-

227 3112 245 3150 5.
260 3104 375 3157 Amphion,
385 3106 416 3148 roi
427 3108 453 3149 do
464 3108 555 3157 'thebea
569 3108 605 3151 tila
617 3108 644 3152 de
670 3120 722 3152 aeur
730 3108 787 3151 erite
796 3109 817 3150 la
825 3111 932 3173 reprocho
940 3112 968 3151 de
974 3112 1092 3156 molleaae.

198 3158 281 3212 Jupiter
294 3164 316 3199 et
326 3157 446 3218 dflntiope,
458 3160 510 3203 etait
525 3162 644 3214 passionna‘
676 3215 679 3219 η
700 3171 731 3205 tt.
747 3161 880 3216 Speciostur,
895 3164 1039 3217 arecplusde
1052 3168 1121 3221 grace

199 3222 253 3275 popr
261 3211 281 3252 la
291 3221 394 3273 musique
399 3226 405 3262 ς
422 3212 443 3253 la
457 3214 513 3255 table
523 3214 646 3266 pretendait
671 3221 725 3269 tque
735 3216 783 3262 tois.

201 3275 271 3307 meme
280 3274 322 3317 qne
333 3265 365 3305 les
375 3274 459 3315 pierres
469 3266 549 3308 etaient
563 3280 644 3311 venues
700 3274 731 3311 ιι.
747 3267 850 3311 Clamore
860 3280 956 3318 coronae,
964 3270 1016 3321 cris,
1026 3272 1120 3324 applau-

199 3328 225 3361 ae
233 3328 311 3371 renger
320 3328 358 3358 sur
367 3316 399 3359 les
409 3329 469 3359 murs
476 3318 504 3360 do
511 3320 644 3363 Thebesaux
671 3320 803 3363 dissementa
812 3322 840 3363 du
847 3324 925 3371 cerole,
934 3322 1074 3365 desta-dire
1082 3326 1119 3367 dea

199 3370 323 3413 aceurdsde
332 3382 356 3411 aa
364 3370 410 3422 lare
420 3378 474 3426 (roy.
486 3372 527 3415 Art
535 3372 644 3427 poetique,
670 3381 805 3426 spectarem-s
821 3376 858 3427 qui
871 3377 1009 3419 t'entourent.
1017 3397 1044 3407 -
1052 3376 1121 3420 Cam·

200 3426 258 3474 talu
266 3436 304 3465 son
315 3422 374 3465 frere
382 3424 459 3466 zethus
470 3424 566 3465 n'aimait
574 3437 617 3480 que
625 3427 646 3468 la
671 3426 766 3481 poetria,
775 3428 804 3468 du
815 3430 895 3483 elramp
911 3429 938 3470 de
946 3432 1012 3471 tlara.

201 3476 279 3520 chasse
291 3486 312 3518 et
324 3475 479 3529 l’agrieulture.
490 3480 547 3519 Pour
557 3479 646 3529 pouvoir
700 3485 732 3524 rs.
757 3479 894 3523 Cantabrico
909 3481 974 3524 bello.
990 3482 1089 3524 Allucion
1108 3484 1120 3526 ι

203 3527 262 3571 vivre
275 3540 326 3569 arec
341 3539 381 3568 sun
401 3529 464 3583 uere,
484 3528 591 3582 llnrphion
608 3542 646 3573 re·-
672 3530 812 3584 l’expedition
823 3532 955 3587 d'luguste,
968 3546 996 3576 en
1006 3541 1053 3578 rat.
1065 3538 1118 3589 νος.

204 3581 296 3629 roncata
306 3592 345 3623 son
354 3589 395 3623 art.
673 3583 803 3633 l'arssument
814 3586 842 3627 da
854 3586 910 3628 l'ode
930 3598 978 3629 xxx
991 3587 1020 3629 du
1034 3588 1090 3630 livre
1103 3593 1118 3631 ι.
