2350 4067
178 276 235 337 ala
495 278 523 331 o.
547 251 662 321 nontrn
683 267 779 315 resecr

178 403 268 467 Nunc
281 400 353 461 licet
366 392 509 476 Esquiliis
521 390 659 476 habitare
672 383 859 455 salubribus,
873 386 968 458 atque

179 494 298 571 aggere
312 486 344 545 in
359 482 462 563 aprico
476 478 615 560 spatiari,
630 476 711 556 quo¹
726 471 818 533 modo
832 468 935 529 tristes

180 578 262 641 olbis
277 572 439 635 inlormem
454 565 632 649 spectabant
646 562 766 623 ossibus
780 574 905 635 agrum3
1079 577 1094 618 a

181 666 302 745 Quum’
316 658 389 721 mihi
405 648 467 719 non
482 656 603 716 tantiam
617 650 762 729 furesque
775 647 909 723 seraeque
923 646 1019 703 sitetae

181 755 271 818 llunc
285 748 412 811 vexare³
427 747 530 807 locum
545 759 627 804 curae
642 745 714 801 sunt
727 744 818 816 atque
835 732 946 807 labori,

183 840 338 918 Quanlbm
353 834 542 897 carminibus
555 847 625 910 quae
638 825 777 889 versant*
789 830 884 903 atque
893 819 1019 882 venenis

90 914 339 1009 Ι’Ἁιᾶὒιιιιιιιιιοι
352 923 482 985 animos.
501 919 561 981 llas
575 912 801 1015 nullonerdere
813 927 942 991 possum

184 1014 248 1077 Nec
259 1011 421 1094 prohibere
432 1008 536 1079 modo,
550 1004 643 1066 simul
653 1020 690 1063 ao
699 997 1035 1079 vagaluna⁵deoorum
1083 1016 1107 1051 u

185 1102 313 1165 Protulit
326 1118 376 1175 os,
393 1098 469 1179 quin
481 1112 548 1156 ossa
563 1093 666 1171 legant
676 1089 849 1166 herbasque
862 1091 1010 1147 nocentes
1019 1083 1040 1143 ⁶.

187 1191 255 1252 Vidi
271 1196 392 1269 egomet
406 1186 493 1265 nigre
507 1179 715 1243 succinctam⁷
727 1177 839 1239 vadere
851 1175 931 1259 palla

188 1280 342 1344 Canidiam
351 1278 372 1349 ⁸,
389 1274 520 1358 pedibus
534 1269 626 1335 nudis
639 1285 791 1350 passoque
803 1265 924 1346 capillo,

188 1367 265 1431 Cum
279 1364 394 1444 Sagana
408 1363 542 1441 maiore⁹
555 1359 723 1422 ululantem
739 1376 746 1417 :
760 1355 857 1437 pallor
870 1362 1016 1432 utrasque

188 1453 312 1517 Fecerat
324 1450 492 1512 horrendas
506 1448 663 1526 adspectu.
678 1444 820 1523 Scalpere
836 1450 949 1503 terram
1086 1460 1108 1497 u

190 1540 359 1619 Unguibus,
376 1543 406 1598 et
419 1535 532 1615 pullam
542 1535 560 1569 ¹⁰
575 1532 719 1594 divellere
731 1530 889 1591 mordicus
900 1544 1012 1605 agnam

97 1702 103 1711 ¹
191 1631 371 1711 Coeperunt3
386 1642 479 1687 cruor
490 1624 520 1683 in
537 1621 648 1682 iussam
661 1617 826 1689 confusus,
840 1623 876 1677 ut
888 1615 961 1676 inde

190 1718 294 1781 Manes
307 1717 468 1785 elicerent,
484 1710 601 1771 animas
615 1723 758 1786 responsa
774 1704 908 1765 daturas.

191 1806 290 1869 Lance
304 1811 334 1863 et
348 1800 492 1877 effigies¹¹
507 1807 588 1870 erat,
603 1796 699 1855 altera
711 1810 814 1867 cerem
830 1793 927 1869 major

192 1892 306 1966 Lance,
323 1906 393 1969 quae
408 1885 506 1967 poenis
520 1888 728 1963 compesceret
743 1880 935 1954 inferiorem3
1089 1898 1111 1938 u

194 1982 287 2045 Cerea
300 1975 476 2059 suppliciter
491 1973 605 2046 stabat,
621 1969 782 2032 servilibus
795 1979 830 2031 ut
843 1986 912 2048 quae

194 2068 262 2132 Jam
277 2068 413 2148 peritura
425 2062 524 2125 modis
532 2063 563 2123 ¹¹.
578 2058 712 2121 Hecaten
725 2066 811 2119 vocat
824 2057 932 2133 altera,
948 2073 1058 2119 saevam

196 2158 296 2220 Altera
310 2154 495 2235 Tisiphonen
505 2152 540 2225 ¹⁸3
556 2155 714 2230 serpentes
728 2156 819 2228 atque
833 2145 954 2207 videres

196 2245 333 2308 lniernas
346 2260 447 2303 errare
462 2258 569 2314 canes,
584 2236 765 2316 lunamque
779 2235 958 2309 rubentem,

196 2330 241 2399 Ne
255 2334 332 2397 foret
345 2332 391 2395 his
407 2331 505 2403 testie,
523 2334 593 2409 post
606 2344 717 2406 magna
729 2327 820 2386 latere
835 2324 986 2404 sepulcra.
1093 2343 1115 2380 aa

197 2422 322 2503 Singula
331 2420 404 2502 quid
414 2414 605 2481 memorem?
614 2434 676 2497 quo
689 2416 800 2497 pacto¹⁸
809 2414 926 2475 alterna
934 2413 1094 2491 loquentes
1100 2412 1116 2443 ¹⁵

228 2592 246 2628 ι.
264 2585 359 2639 Aggere.
376 2586 405 2626 Le
426 2589 523 2635 rempart
539 2579 581 2621 biti
605 2590 644 2631 par
702 2586 732 2621 to.
744 2575 1013 2620 Pullumonoffraitdee
1022 2575 1119 2617 victimas

198 2640 294 2691 'reruniu
306 2640 325 2679 le
339 2637 446 2687 superbe,
463 2644 485 2675 et
501 2634 538 2687 qui
549 2632 609 2675 allait
617 2629 645 2673 ds
673 2632 748 2674 noires
757 2643 799 2672 ιιιι
811 2631 877 2672 Dieux
887 2629 1012 2671 internaux.

200 2692 221 2733 le
231 2700 292 2745 porte
302 2691 415 2743 Esquiline
425 2688 466 2749 ela
477 2693 537 2739 porte
553 2685 645 2729 colline.
703 2695 733 2727 ιι.
749 2682 846 2779 Εἶβρίιέ.
856 2686 910 2736 vop.
921 2683 1015 2736 virgile,
1031 2668 1119 2730 liuciae,

199 2766 224 2775 -
235 2744 290 2795 Ouo.
300 2746 409 2784 sous-ent.
421 2750 455 2782 ta.
674 2740 714 2788 lv,
725 2743 776 2787 tot,
787 2744 809 2778 et
839 2736 920 2791 elapsu
936 2746 992 2785 vut,
1012 2740 1047 2777 to.
1056 2754 1082 2764 —
1095 2737 1122 2774 la

227 2802 246 2838 r.
263 2796 375 2891 perimet
385 2799 496 2847 pourtant.
675 2790 744 2845 ligure
753 2789 781 2832 de
796 2791 854 2831 laine
865 2788 1013 2841 representait
1027 2786 1121 2837 eauidie,

228 2856 247 2889 e.
282 2858 358 2896 exure,
367 2845 468 2889 iniester.
674 2851 698 2885 et
706 2843 761 2884 celle
772 2845 799 2883 de
808 2853 854 2884 erre
863 2853 902 2882 eon
914 2848 989 2883 amant
998 2839 1096 2881 infidele.

229 2905 259 2961 t..
271 2900 434 2949 Carminibus,
444 2898 531 2947 chante,
539 2894 647 2937 formales
703 2894 864 2940 restruebat
869 2890 1124 2945 modia,d‘unemauiere

201 2961 260 3004 magt
277 2964 324 3002 nee,
340 2952 529 2995 enchantemeuts.
544 2968 571 2980 -
593 2944 648 2991 Ver·
675 2946 800 2990 miserebis.
817 2950 850 2991 0n
863 2946 937 2989 ῐιὶιιιι
950 2945 1031 2989 iondre
1046 2943 1122 2986 euleu

197 3009 263 3054 sunt,
300 3004 426 3047 uleversent
443 3002 541 3055 egerent.
676 3000 878 3054 laflguredecire.
926 3045 929 3051 ,

229 3060 249 3099 ι
267 3053 329 3110 Vapu
339 3054 401 3097 lutto.
417 3058 457 3096 les
466 3053 649 3097 euehuntemente
705 3059 737 3097 ιι.
748 3052 855 3097 Hecaten.
865 3052 944 3096 trecate
951 3052 1032 3095 e'ttttle
1042 3062 1093 3095 nom
1099 3052 1124 3095 de

203 3118 228 3151 te
237 3106 341 3149 laisaient
349 3108 362 3149 t
371 3108 392 3149 la
401 3107 469 3149 clerte
479 3108 506 3150 de
519 3105 540 3147 la
549 3106 608 3147 lunc.
676 3106 745 3147 olane
754 3117 839 3148 comme
854 3107 935 3147 ncesse
952 3106 1064 3147 infernale
1080 3106 1125 3158 pre

229 3166 250 3204 a.
260 3160 323 3213 Otto,
333 3159 411 3201 herbas
420 3164 530 3202 nocentes.
543 3160 594 3211 voy.
604 3153 649 3200 rr·
677 3159 750 3200 sidant
758 3169 799 3200 aux
809 3160 919 3201 sacrifices
929 3160 1053 3211 magiques.
1062 3159 1126 3199 -ri-

203 3213 258 3267 pede
268 3224 287 3253 r.
677 3212 783 3272 sipiano,
800 3212 859 3254 l'uae
874 3214 914 3253 ries
929 3212 984 3253 trois
1000 3213 1083 3253 Fortes
1099 3230 1125 3243 -

203 3272 250 3327 Νι.
274 3262 567 3327 ξυιιιιιοιαιηχιοιιηυῶη
595 3274 649 3303 vou-
678 3268 802 3307 lleoateest
816 3264 915 3317 tcuiours
930 3263 1126 3316 act-ompauue'ede

203 3318 451 3369 numinenumine
460 3316 650 3357 sarabeevecuue
678 3318 797 3367 cltienneag
810 3317 850 3359 des
866 3325 968 3371 serpente
985 3322 1037 3357 sont
1052 3323 1114 3358 entre

204 3374 310 3421 ceinture,
321 3382 374 3421 pour
385 3370 445 3409 avoir
457 3368 489 3409 les
499 3375 651 3409 motrvements
679 3370 737 3411 lauis
747 3370 803 3411 dans
813 3371 846 3412 lcs
856 3370 951 3412 ebeveux
960 3368 988 3410 de
998 3369 1118 3421 Tisiphone

204 3425 445 3467 libres2antrrmenton
455 3420 651 3465 lelaissaittlotter.
709 3427 741 3466 rt.
759 3423 807 3475 Quo
841 3427 900 3473 acto,
915 3422 988 3474 lai-ie
1004 3422 1084 3464 besola
1100 3421 1126 3462 de

230 3484 249 3519 t.
267 3475 397 3517 Catualium.
406 3476 466 3532 ‚ch
485 3474 573 3533 l'Epotle
581 3483 603 3515 r.
679 3474 736 3521 dire)
746 3476 773 3517 de
782 3435 856 3529 quails
864 3476 968 3517 muniere.

231 3523 652 3583 tt.Sopatromagarel'aineedesdeux
678 3530 682 3537 '
709 3533 740 3572 15.
755 3526 1124 3582 Alternaleqtuutetmrlanttl·

206 3576 472 3640 saginarentur.
680 3580 1033 3631 ternatireaaeuts'eutrttetraut.
