2350 4067
147 217 151 224 ’
175 219 232 282 278
473 230 519 282 o.
542 229 658 276 nonum
681 229 778 276 rancor

540 359 727 406 uenunuuou

175 433 317 496 Consule.

543 540 723 586 srnnrrurus
749 590 752 596 ,

334 610 396 676 Cur
409 613 493 692 Aiax,
521 613 613 674 heros
626 611 664 673 ab
679 610 795 672 Achille
809 610 976 688 secundus,

177 703 332 780 Puteseit¹,
349 703 438 766 toties
450 702 573 765 servatis
587 703 687 764 elarus
700 701 832 774 Achivis,

175 793 310 855 Gaudeat
324 798 360 853 ut
374 793 508 873 populus
521 791 633 854 Priami
648 791 849 870 Priamusque
864 789 1041 863 inhumato,
1064 811 1102 850 ros

176 879 232 959 Per
246 881 354 960 queru¹
369 886 413 942 tot
420 879 548 960 juvenes
560 878 659 960 patrio
673 895 800 940 caruere
814 873 976 958 sepulcro?

543 981 732 1030 tutunuuou.

175 1053 256 1116 llille
270 1054 373 1114 ovium
387 1054 513 1115 insanus
521 1053 612 1114 morti
627 1054 721 1128 dedit,
739 1053 888 1136 inclytum
903 1050 1044 1134 Ulyssem

176 1143 213 1204 llt
226 1142 399 1207 Menelaum
414 1144 476 1204 una
488 1159 613 1204 meeum
628 1160 660 1204 se
675 1142 815 1204 occidere
829 1141 973 1204 olamans.

550 1247 726 1293 srnnrnuus

175 1320 231 1396 Tu,
248 1339 345 1401 quum
359 1339 416 1403 pro
430 1320 525 1382 vitula
539 1319 646 1380 statuis
660 1319 784 1381 dulcem
798 1318 906 1381 Aulide
915 1319 1034 1379 natam³

174 1410 252 1470 Ante
266 1428 342 1482 aras,
359 1408 538 1489 spargisque
551 1408 633 1468 mola
642 1415 745 1488 eaput,
757 1407 906 1489 improbe,
923 1406 1023 1480 salst⁸,
1061 1431 1100 1466 eoo

175 1495 303 1559 Rectum
316 1497 424 1559 animi⁸
435 1494 557 1558 servas?

539 1581 730 1647 reunnuuou.

537 1668 729 1747 Quorsum⁸?

548 1773 724 1822 snnnrrnrus

717 1843 845 1906 Insanus
853 1843 929 1923 quid
936 1845 1099 1926 euimAJax

175 1933 268 2009 Fecit,
285 1949 382 2014 quum
396 1931 499 1994 stravit
511 1931 593 1994 ferro
609 1933 722 2014 pecus‘i
735 1933 888 1994 Abstinuit
900 1933 963 1994 vim

175 2023 276 2086 Uxore
288 2018 318 2084 et
331 2021 435 2096 nato²3
452 2021 530 2082 mala
540 2020 638 2082 multa
652 2030 794 2102 precatus
805 2021 927 2094 Atridis,

176 2109 244 2174 Non
259 2111 308 2173 ille
317 2116 370 2172 aut
383 2107 554 2172 Teucrum⁸
567 2117 622 2170 aut
632 2111 734 2192 ipsum
745 2110 866 2172 violavit
880 2108 1028 2192 Ulyssem.

541 2215 730 2262 leuunuuou.

179 2290 292 2352 Verum
306 2308 373 2369 ego,
389 2298 425 2351 ut
437 2290 586 2351 haerentes
600 2289 726 2350 adverso
740 2287 856 2349 littore·
870 2306 961 2350 naves
1062 2309 1098 2346 πω

176 2378 345 2461 Eriperem,
361 2377 524 2458 prudens¹⁰
537 2375 654 2457 plaeavi
667 2374 815 2456 sanguine
828 2374 929 2438 Divos.

178 2544 231 2590 eet?
244 2543 298 2589 erait
311 2545 333 2588 lu
348 2543 442 2586 termule
457 2542 547 2596 d’usuge
563 2543 623 2586 lore-
653 2554 710 2595 non,
720 2554 759 2585 sur
769 2543 789 2585 la
802 2542 896 2597 repense
905 2541 933 2584 de
946 2542 1100 2589 l¹oraole.inr-

178 2600 242 2656 qu’on
258 2598 319 2641 alluit
334 2597 455 2640 demander
469 2597 554 2638 conseil
567 2598 580 2638 a
593 2608 622 2638 un
652 2597 711 2638 mola
720 2607 744 2638 ta
754 2595 799 2638 fille
827 2608 867 2638 our
880 2596 967 2648 apaiser
982 2597 1014 2638 les
1025 2595 1099 2638 Dieur.

176 2652 345 2708 iurisconsulte;
356 2655 378 2692 et
392 2650 413 2692 le
420 2648 577 2700 jurisconsulto
587 2647 624 2691 re'-
652 2651 704 2701 Voy.
721 2648 853 2703 t‘lphipente
869 2647 995 2702 d'liuripide
1009 2653 1033 2690 et
1048 2649 1100 2692 celle

177 2705 280 2760 pondait,
300 2714 385 2746 comme
405 2702 434 2743 ici
457 2705 623 2755 Agamemnon:
652 2701 679 2745 de
690 2702 776 2744 ltaoine.

178 2757 272 2802 coeunte
280 2787 288 2810 ,
309 2768 337 2798 ou
354 2754 472 2799 consulere
494 2754 552 2797 lieet.
570 2758 622 2806 Voy.
679 2759 699 2796 l.
714 2753 854 2798 Moldeulad.
866 2757 898 2796 0n
908 2752 1100 2808 repandaitsurla

177 2812 198 2854 le
207 2811 317 2865 plnidoyer
326 2808 354 2851 de
361 2807 452 2850 ciceron
463 2819 517 2862 pour
526 2807 624 2858 Murena,
652 2807 694 2850 tete
706 2807 733 2850 de
747 2807 767 2849 la
777 2807 898 2850 victimede
912 2805 933 2850 la
947 2806 1019 2850 farine
1033 2807 1101 2852 mtle'e

177 2864 239 2915 ehap.
256 2874 304 2905 xm.
313 2883 341 2893 -
348 2861 496 2917 despondere,
505 2860 533 2902 de
548 2869 570 2903 te
586 2861 624 2902 re'-
653 2862 680 2902 de
691 2861 733 2903 sel.
742 2869 765 2892 -ι
774 2858 889 2914 Improbe,
899 2858 999 2904 barbare.

177 2916 340 2971 pondreamon
350 2921 407 2957 tour.
681 2919 701 2957 5.
717 2912 809 2956 Rectum
822 2911 899 2956 autari
912 2911 1038 2966 equitania
1050 2925 1099 2958 ree-

205 2977 225 3011 t.
238 2967 368 3010 enectine
377 2965 532 3020 emendatone
541 2963 624 3008 second
653 2970 700 3010 lum
710 2966 830 3012 animum.

173 3017 276 3074 ‘'epartir
293 3020 411 3071 d’lohille,
429 3019 586 3062 e’est-t-dire
603 3020 624 3061 le
679 3023 698 3061 6.
711 3018 830 3072 Quorsum,
837 3019 864 3060 oli
872 3019 1010 3072 (verr-tuen
1017 3020 1100 3072 venirli

177 3074 282 3130 premier,
291 3072 312 3114 le
322 3073 371 3125 plus
380 3073 446 3114 bravo
454 3071 520 3126 apres
533 3071 623 3114 Achille.
652 3081 695 3125 que
705 3077 792 3114 leur-tu
801 3070 863 3114 dira?

179 3148 201 3155 -
212 3124 311 3168 Putesoe't
324 3137 337 3165 e
351 3125 379 3166 ici
395 3124 415 3166 le
431 3125 503 3166 meme
514 3136 568 3166 sens
581 3135 624 3178 que
680 3131 699 3167 7.
718 3124 800 3168 Uoeore.
810 3129 933 3168 Teumesse.
942 3147 968 3156 -
977 3125 1050 3172 allum.
1060 3129 1089 3174 Et

179 3178 294 3235 putrescit,
303 3177 359 3220 meis
376 3187 428 3219 aree
442 3178 491 3230 plus
507 3177 623 3231 d'euergie.
652 3189 736 3230 rysaoe.

203 3230 362 3275 alamannie
381 3229 504 3279 (sous-ent.
525 3234 568 3283 eo)
585 3241 625 3284 per
679 3236 700 3273 8.
714 3235 812 3285 Teucer,
829 3231 888 3274 ltere
906 3229 990 3283 d’l'ju.
1009 3235 1063 3286 Vox.
1079 3233 1099 3274 la

177 3295 255 3340 quem,
264 3283 293 3326 de
306 3282 352 3324 voir
369 3293 423 3324 sane
439 3280 551 3334 sepulture
569 3282 625 3326 oelul
653 3292 703 3326 note
713 3291 724 3330 5
734 3284 762 3327 de
772 3285 792 3328 Ιι
802 3295 857 3340 pege
867 3290 898 3329 il.

104 3377 108 3384 ,
176 3338 269 3394 parqui.
679 3344 700 3381 9.
711 3335 806 3380 Aduerso
815 3337 1011 3392 litteratorium
1020 3339 1101 3392 oppoee'

204 3396 225 3434 a.
239 3387 336 3448 Aulide,
346 3387 422 3439 lulis,
436 3392 484 3440 port
498 3387 525 3430 de
535 3386 624 3449 neone,
652 3390 680 3443 (a
691 3391 747 3432 celui
757 3393 784 3434 de
795 3392 884 3440 Troiel,
894 3391 916 3434 le
925 3393 1000 3445 rivago
1010 3391 1101 3434 d'llulls.

177 3443 305 3505 d’oi'rpnrut
316 3441 405 3502 lullotte
429 3449 509 3492 reoque
518 3452 556 3533 eppa
565 3442 626 3502 alluit
681 3450 713 3488 re.
727 3442 837 3505 Prudente,
848 3447 868 3486 le
877 3445 975 3496 suebant,
983 3445 1102 3499 admsein,

177 3492 625 3600 assumerentur.-
653 3493 923 3594 arturianum
937 3497 995 3541 ⁶²⁰⁵
1008 3509 1039 3540 ¹¹⁰
1053 3509 1101 3542 r·
