2350 4067
164 282 221 344 374
479 292 511 345 o.
531 292 649 339 nonunt
669 292 765 338 rancor

162 409 284 473 Diatitet
296 409 414 472 Albano
427 408 528 475 Musas
540 410 572 473 in
586 418 692 472 monte
704 409 830 470 locutas.

162 499 208 575 Si,
225 498 297 581 quia
310 499 487 564 Graecorum
500 510 573 564 sunt
587 499 796 580 antiquissima
810 507 941 577 qumque

160 586 276 669 Scripta
289 588 335 651 vel
348 590 477 670 optima,
494 590 620 653 Romani
636 595 804 670 pensantur
818 585 923 646 eidem

160 675 328 757 Scriptores
343 679 473 755 trutina,
489 697 551 742 non
565 686 612 741 est
626 678 711 759 quod
725 677 822 738 multa
833 676 996 753 loquamur
1010 692 1017 734 :
1066 698 1089 737 at

159 762 209 825 Nil
221 763 300 825 intra
313 771 359 826 est
371 766 486 843 oleam,
503 769 547 830 nil
562 769 646 829 extra
659 773 706 829 est
718 766 750 826 in
764 783 844 826 nuce
858 764 927 825 duri
937 766 960 839 ¹;

161 852 325 917 Venimus’
338 857 376 917 ad
389 875 547 921 summum
560 858 708 930 fortune,
727 855 881 935 pingimus
895 861 988 934 atque

159 940 318 1004 Psallimus
331 955 362 1004 et
375 942 526 1005 luctamur
539 945 660 1008 Achivis
673 944 793 1005 doctius
805 944 905 1005 unotls
912 945 933 1005 ⁸.

159 1030 191 1092 si
205 1032 330 1094 meliora
344 1032 435 1106 dies‘,
451 1034 583 1108 utrina,
602 1039 741 1114 poemata
754 1031 868 1107 reddit,

158 1119 241 1182 Scire
249 1121 340 1183 velim
350 1121 459 1183 chartis
468 1121 603 1203 pretium
613 1129 725 1202 quotus
733 1127 853 1200 arroget
861 1138 972 1181 annus,
1062 1142 1087 1184 aa

157 1208 292 1291 Scriptor
305 1210 415 1273 abhinc
428 1227 524 1271 annos
538 1216 664 1271 centum
678 1209 732 1289 qui
745 1208 887 1282 deoldit⁸‚
903 1207 982 1269 inter

156 1298 308 1364 Perfectos
321 1308 500 1384 veteresque
514 1298 620 1361 referri
635 1296 743 1373 debet,
760 1315 799 1358 an
813 1298 892 1358 inter

154 1384 237 1449 Viles
250 1397 342 1469 atque
357 1386 471 1450 novos?
484 1387 635 1450 Excludat
645 1386 745 1466 jurgia
758 1385 855 1446 linis⁸.

154 1508 194 1521 -
203 1476 255 1538 Est
264 1488 350 1539 vetus
358 1485 452 1558 atque
462 1476 592 1557 probus,
604 1483 729 1538 centum
739 1476 792 1556 qul
802 1474 920 1555 perlicit
930 1492 1038 1547 anuas.

154 1595 193 1609 ·-
202 1562 302 1639 Quid?
315 1565 369 1645 qui
381 1565 512 1647 deperiit
526 1563 628 1625 minor
640 1580 704 1625 uno
717 1579 824 1623 mense
837 1561 884 1622 vel
899 1563 1010 1638 anno',
1055 1584 1083 1621 ro

151 1650 234 1715 Inter
249 1672 326 1735 quos
336 1652 520 1734 ,referendus
535 1650 614 1714 erit?
626 1659 782 1713 veteresne
794 1658 912 1731 poetas,

152 1743 200 1805 An
216 1762 294 1823 quos
309 1751 339 1804 et
352 1760 487 1823 praesens
501 1749 531 1803 et
544 1747 666 1888 postera
679 1747 803 1820 respuat
816 1738 911 1801 aetasl

152 1861 193 1876 -
205 1831 263 1893 lste
277 1828 403 1911 quidem
416 1835 533 1894 veteres
556 1835 627 1889 nter
639 1835 772 1908 ponetur
785 1829 930 1904 honeste,

154 1918 213 1993 Qui
226 1918 274 1980 vel
288 1934 393 1979 mense
408 1915 492 1977 brevi
507 1914 555 1977 vel
568 1923 633 1978 toto
647 1923 692 1977 est
702 1916 806 1996 junior
818 1934 911 1978 anno.

152 2041 192 2056 ·—
208 2005 283 2069 Utor
296 2006 456 2088 permisso,
472 2005 639 2088 eaudaeque
654 2008 731 2088 pilos
745 2014 779 2069 ut
792 2007 931 2087 equinae⁸
1055 2030 1081 2071 n

150 2096 299 2161 Paulatim
308 2100 441 2173 vello,et
449 2099 542 2161 demo
551 2098 769 2171 unum,demo
779 2098 893 2159 etitem
902 2114 1015 2173 uuum,

150 2185 231 2249 Dum
245 2186 348 2262 eadat,
365 2188 469 2251 elusus
482 2187 598 2253 ratione
611 2188 729 2252 ruentis
741 2187 867 2264 noeroil,

150 2272 211 2351 Qui
225 2276 303 2339 redit
315 2276 354 2339 ad
368 2274 458 2341 fastos
471 2284 502 2341 et
515 2275 660 2344 virtutem
674 2276 803 2339 estimat
815 2275 919 2351 annis,

177 2412 195 2448 t.
209 2402 253 2449 Nil
266 2403 366 2453 intro...
378 2403 439 2448 duri.
453 2405 537 2451 floraco
546 2409 599 2453 veut
610 2417 614 2437 ¹
652 2410 672 2449 a.
688 2402 761 2459 Ptole,
770 2416 800 2453 an
811 2411 880 2448 terma
895 2402 951 2464 fixe,
964 2414 995 2447 an
1005 2408 1077 2459 temps

149 2454 275 2502 ddmontrer
290 2455 417 2501 l’ubsurdite
436 2458 464 2501 da
483 2470 539 2504 ceux
559 2458 596 2512 qut
625 2468 733 2502 oonvenu.

150 2508 281 2561 protendant
300 2520 342 2563 que
359 2510 392 2553 lea
407 2512 473 2558 rieux
487 2510 597 2555 e'crirains
651 2517 671 2563 t,
687 2510 731 2563 Qut
741 2510 873 2565 deperiit...
884 2520 954 2563 anon,
967 2510 1025 2553 oalui
1035 2510 1073 2565 qni

149 2562 248 2605 romaina
265 2568 316 2613 sont
340 2564 467 2619 superieurs
487 2576 529 2609 aux
547 2574 597 2605 mo·
623 2567 841 2615 estmorramntun
855 2564 1032 2605 moisouunen
1047 2564 1076 2605 da

148 2614 239 2668 demes,
251 2627 316 2669 parce
331 2628 374 2669 quo
388 2627 413 2659 ce
427 2617 466 2665 luit
479 2628 504 2659 se
519 2624 596 2661 trouve
624 2616 800 2669 moins(queles
808 2622 859 2659 cent
868 2617 926 2667 aas),
935 2616 1076 2658 e'est-tdire

149 2669 195 2710 vral
218 2679 273 2723 pour
297 2669 319 2711 la
345 2667 467 2713 litterature
490 2680 595 2726 greeque.
624 2668 1075 2725 celuiquiestmortilpaquatre-vingt-

150 2719 220 2773 G'est,
245 2720 318 2773 dit-il,
329 2732 413 2765 comme
429 2722 449 2765 ai
466 2721 509 2769 l'on
522 2721 596 2766 laisait
624 2722 728 2764 dix-neus
740 2724 786 2765 ans'
798 2733 826 2764 ou
845 2721 1072 2775 quatre-vingt-dix-

150 2771 171 2817 la
200 2775 367 2823 raisonnament
391 2776 478 2825 suivant
493 2793 499 2821 ι
515 2775 595 2818 L’ollva
623 2774 896 2818 neulansetonzemols.

149 2830 172 2869 at
188 2825 210 2872 la
235 2828 287 2869 noir
306 2834 395 2871 servent
412 2832 484 2873 toules
502 2827 560 2871 deux
582 2826 596 2870 i
651 2835 671 2876 8.
686 2827 875 2882 Goodoeequinae.
889 2825 966 2870 valera
978 2826 1074 2870 Maxime

149 2878 204 2923 taire
220 2879 247 2921 da
266 2880 351 2923 l‘truile·
368 2880 390 2922 la
403 2882 455 2923 noix
470 2880 505 2923 n’a
517 2893 557 2935 pas
567 2880 596 2923 de
623 2888 764 2935 repenteque
774 2879 1074 2932 sertorius‚voulentmon-

149 2942 228 2983 nomu,
244 2932 315 2975 l'olivo
330 2910 380 2975 n³en
398 2934 481 2975 udone
494 2944 534 2987 pas
549 2945 594 2977 non
623 2940 720 2977 treraux
734 2934 875 2977 Lusitaniens
885 2939 996 2975 comment
1008 2932 1074 2992 peul

149 2984 209 3037 plus3
220 2984 291 3027 l'olive
301 2986 336 3027 n'a
344 2997 384 3039 pas
392 2986 499 3039 d'ecoree,
509 2988 530 3029 la
543 2986 595 3029 noix
623 2997 673 3039 peu,
683 2994 706 3030 et
714 2998 767 3029 area
775 2986 803 3029 da
816 2985 837 3027 la
851 2985 1001 3040 patlence‚on
1014 2990 1075 3029 vient

151 3034 199 3081 n’on
208 3050 220 3079 a
229 3036 286 3078 donc
295 3048 335 3091 pas
345 3050 388 3080 non
399 3040 457 3093 plus.
623 3041 635 3079 t
645 3039 698 3083 bont
713 3041 741 3082 de
753 3050 779 3081 ea
793 3039 830 3091 qui
840 3037 923 3081 semble
932 3036 1022 3079 d'altord
1031 3036 1074 3079 im·

175 3096 196 3131 2.
221 3088 340 3139 Venimus,
367 3098 408 3135 eto.
431 3092 488 3135 c’est
514 3102 595 3134 encore
623 3092 850 3145 possible‚dtuvanoer
872 3090 1073 3133 lusieurshommes

149 3152 232 3185 somme
242 3142 261 3185 ai
276 3141 320 3183 l’on
333 3142 399 3185 disalt
414 3156 464 3197 qua,
478 3155 595 3199 parceque
623 3146 725 3188 robustea
741 3151 764 3187 et
774 3146 821 3187 leur
831 3104 930 3186 orgonnu
944 3142 1073 3185 d'urraclier

150 3206 204 3237 nous
221 3206 317 3237 sommas
333 3196 415 3238 arrives
431 3209 458 3239 au
475 3198 524 3251 plus
543 3198 596 3239 haut
623 3198 674 3243 d'uu
685 3198 732 3243 seul
746 3209 802 3251 eoup
812 3202 861 3239 tous
877 3196 910 3239 les
926 3197 987 3237 arins
1006 3194 1073 3237 d'una

149 3247 216 3302 doure
235 3248 262 3290 de
282 3246 369 3289 fortune
382 3252 404 3289 et
426 3250 453 3291 de
469 3252 594 3343 puissanoe,
623 3262 694 3303 queue
712 3251 739 3292 de
750 3251 840 3300 oleran
853 3250 881 3290 ils
890 3251 957 3291 lirant
965 3248 995 3290 de
1007 3248 1071 3290 rain·

150 3312 205 3343 nous
230 3301 459 3362 eignpnamienxque
479 3354 483 3363 .
566 3355 570 3365 ¹
649 3355 653 3363 Ι

176 3358 196 3397 3,
232 3352 595 3415 rtetta.0nselrotta1td'hurle
622 3356 792 3400 crinsunluu.
884 3408 889 3418 ι
1067 3382 1070 3385 ·

150 3414 216 3449 arant
224 3406 321 3468 dfentrar
331 3406 386 3450 dans
395 3406 417 3448 la
425 3405 474 3449 lice.
649 3415 669 3452 9.
684 3408 801 3452 Elaeos...
812 3420 896 3459 aaaron,
907 3405 1017 3469 oonlondu
1030 3417 1073 3459 par

177 3464 197 3504 ⁴.
212 3459 272 3521 Daca,
282 3461 303 3521 le
312 3464 391 3515 temps.
622 3460 753 3521 l’argument
761 3462 790 3503 du
799 3466 833 3503 tas
846 3462 875 3521 de
883 3459 926 3521 ¹lile
935 3471 972 3513 qui
987 3458 1070 3521 eroule.

152 3510 595 3619 dotaliadotaliaiata}
622 3512 1073 3628 irritamentorum

152 3614 344 3661 mohedel’arbro.
608 3616 1070 3673 ‚pmn‚pu1sunaurre,e‘misrrumum

477 3314 501 3344 es
511 3306 585 3345 Grecs.
623 3303 708 3355 ellium,
717 3312 740 3345 et
750 3302 928 3345 sertoriusnlors
936 3302 1029 3343 arraona
1038 3301 1072 3344 len
1169 3355 1170 3362 ἵ
