<?xml version="1.0" encoding="UTF-8"?>
<!DOCTYPE html PUBLIC "-//W3C//DTD XHTML 1.0 Transitional//EN"
    "http://www.w3.org/TR/xhtml1/DTD/xhtml1-transitional.dtd">
<html xmlns="http://www.w3.org/1999/xhtml" xml:lang="en" lang="en">
 <head>
  <title>
</title>
<meta http-equiv="Content-Type" content="text/html;charset=utf-8" />
  <meta name='ocr-system' content='tesseract 3.04.00' />
  <meta name='ocr-capabilities' content='ocr_page ocr_carea ocr_par ocr_line ocrx_word'/>
</head>
<body>
  <div class='ocr_page' id='page_1' title='image "./qhoratiusflaccu00sommgoog_0373.png"; bbox 0 0 2350 4067; ppageno 0'>
   <div class='ocr_carea' id='block_1_1' title="bbox 337 268 1004 330">
    <p class='ocr_par' dir='ltr' id='par_1_1' title="bbox 337 268 1004 330">
     <span class='ocr_line' id='line_1_1' title="bbox 337 268 1004 330; baseline 0.007 -5"><span class='ocrx_word' id='word_1_1' title='bbox 337 274 534 326; x_wconf 78' lang='lat' dir='ltr'><strong>rrrsromnmi</strong></span> <span class='ocrx_word' id='word_1_2' title='bbox 554 276 638 325; x_wconf 78' lang='lat' dir='ltr'><strong>clara</strong></span> <span class='ocrx_word' id='word_1_3' title='bbox 659 280 680 325; x_wconf 88' lang='lat' dir='ltr'><strong>r.</strong></span> <span class='ocrx_word' id='word_1_4' title='bbox 705 271 753 326; x_wconf 86' lang='lat'><strong>11.</strong></span> <span class='ocrx_word' id='word_1_5' title='bbox 944 268 1004 330; x_wconf 76' lang='grc'><strong>345</strong></span> 
     </span>
    </p>
   </div>
   <div class='ocr_carea' id='block_1_2' title="bbox 79 392 1071 2257">
    <p class='ocr_par' dir='ltr' id='par_1_2' title="bbox 79 392 1000 653">
     <span class='ocr_line' id='line_1_2' title="bbox 82 392 946 477; baseline -0.002 -18"><span class='ocrx_word' id='word_1_6' title='bbox 82 398 241 459; x_wconf 76' lang='lat' dir='ltr'><strong>(tunctune</strong></span> <span class='ocrx_word' id='word_1_7' title='bbox 252 411 314 476; x_wconf 84' lang='lat' dir='ltr'><strong>prae</strong></span> <span class='ocrx_word' id='word_1_8' title='bbox 327 393 441 477; x_wconf 88' lang='lat' dir='ltr'><strong>Campo</strong></span> <span class='ocrx_word' id='word_1_9' title='bbox 455 401 486 457; x_wconf 89' lang='lat' dir='ltr'><strong>et</strong></span> <span class='ocrx_word' id='word_1_10' title='bbox 499 392 642 457; x_wconf 90' lang='lat' dir='ltr'><strong>Tiberino</strong></span> <span class='ocrx_word' id='word_1_11' title='bbox 653 393 946 459; x_wconf 84' lang='lat' dir='ltr'><strong>llumiuesordent¹l</strong></span> 
     </span>
     <span class='ocr_line' id='line_1_3' title="bbox 80 483 1000 551; baseline -0.005 -2"><span class='ocrx_word' id='word_1_12' title='bbox 80 488 132 549; x_wconf 80' lang='lat' dir='ltr'><strong>An</strong></span> <span class='ocrx_word' id='word_1_13' title='bbox 146 485 229 549; x_wconf 90' lang='lat' dir='ltr'><strong>venit</strong></span> <span class='ocrx_word' id='word_1_14' title='bbox 243 486 274 546; x_wconf 91' lang='lat' dir='ltr'><strong>in</strong></span> <span class='ocrx_word' id='word_1_15' title='bbox 288 492 394 547; x_wconf 91' lang='lat' dir='ltr'><strong>votum</strong></span> <span class='ocrx_word' id='word_1_16' title='bbox 408 484 541 546; x_wconf 79' lang='lat' dir='ltr'><strong>Attalicis</strong></span> <span class='ocrx_word' id='word_1_17' title='bbox 555 504 592 545; x_wconf 89' lang='lat' dir='ltr'><strong>ex</strong></span> <span class='ocrx_word' id='word_1_18' title='bbox 606 484 751 547; x_wconf 82' lang='lat' dir='ltr'><strong>urbibus¹</strong></span> <span class='ocrx_word' id='word_1_19' title='bbox 763 483 843 546; x_wconf 84' lang='lat' dir='ltr'><strong>una‘l</strong></span> <span class='ocrx_word' id='word_1_20' title='bbox 988 513 1000 551; x_wconf 73' lang='lat'><strong>⁵</strong></span> 
     </span>
     <span class='ocr_line' id='line_1_4' title="bbox 79 572 887 653; baseline -0.005 -16"><span class='ocrx_word' id='word_1_21' title='bbox 79 576 131 637; x_wconf 80' lang='lat' dir='ltr'><strong>An</strong></span> <span class='ocrx_word' id='word_1_22' title='bbox 141 573 297 637; x_wconf 85' lang='lat' dir='ltr'>Lebedum</span> <span class='ocrx_word' id='word_1_23' title='bbox 306 573 438 649; x_wconf 63' lang='lat' dir='ltr'><strong>landast,</strong></span> <span class='ocrx_word' id='word_1_24' title='bbox 454 573 525 635; x_wconf 93' lang='lat' dir='ltr'><strong>odio</strong></span> <span class='ocrx_word' id='word_1_25' title='bbox 538 572 631 635; x_wconf 89' lang='lat' dir='ltr'><strong>maris</strong></span> <span class='ocrx_word' id='word_1_26' title='bbox 644 578 737 653; x_wconf 86' lang='lat' dir='ltr'><strong>atquc</strong></span> <span class='ocrx_word' id='word_1_27' title='bbox 749 572 887 635; x_wconf 78' lang='lat' dir='ltr'><strong>viarum?</strong></span> 
     </span>
    </p>

    <p class='ocr_par' dir='ltr' id='par_1_3' title="bbox 81 660 844 827">
     <span class='ocr_line' id='line_1_5' title="bbox 81 660 844 743; baseline 0 -18"><span class='ocrx_word' id='word_1_28' title='bbox 81 661 150 725; x_wconf 80' lang='lat' dir='ltr'><strong>Scis</strong></span> <span class='ocrx_word' id='word_1_29' title='bbox 163 661 301 724; x_wconf 85' lang='lat' dir='ltr'>Lebedus</span> <span class='ocrx_word' id='word_1_30' title='bbox 316 660 392 742; x_wconf 90' lang='lat' dir='ltr'><strong>quid</strong></span> <span class='ocrx_word' id='word_1_31' title='bbox 407 661 459 737; x_wconf 87' lang='lat' dir='ltr'><strong>sit,</strong></span> <span class='ocrx_word' id='word_1_32' title='bbox 475 660 578 723; x_wconf 84' lang='lat' dir='ltr'><strong>Gabiis</strong></span> <span class='ocrx_word' id='word_1_33' title='bbox 591 662 739 723; x_wconf 83' lang='lat' dir='ltr'><strong>desertior</strong></span> <span class='ocrx_word' id='word_1_34' title='bbox 751 668 844 743; x_wconf 87' lang='lat' dir='ltr'><strong>atque</strong></span> 
     </span>
     <span class='ocr_line' id='line_1_6' title="bbox 81 749 786 827; baseline -0.004 -13"><span class='ocrx_word' id='word_1_35' title='bbox 81 749 313 814; x_wconf 63' lang='lat' dir='ltr'><strong>Iliciensibus</strong></span> <span class='ocrx_word' id='word_1_36' title='bbox 327 759 447 812; x_wconf 83' lang='lat' dir='ltr'><strong>:tamen</strong></span> <span class='ocrx_word' id='word_1_37' title='bbox 462 750 524 813; x_wconf 91' lang='lat' dir='ltr'><strong>illic</strong></span> <span class='ocrx_word' id='word_1_38' title='bbox 538 750 640 813; x_wconf 90' lang='lat' dir='ltr'><strong>vivere</strong></span> <span class='ocrx_word' id='word_1_39' title='bbox 652 751 786 827; x_wconf 79' lang='lat' dir='ltr'><strong>vellem⁵‚</strong></span> 
     </span>
    </p>

    <p class='ocr_par' dir='ltr' id='par_1_4' title="bbox 81 840 789 922">
     <span class='ocr_line' id='line_1_7' title="bbox 81 840 789 922; baseline -0.007 -17"><span class='ocrx_word' id='word_1_40' title='bbox 81 840 264 922; x_wconf 89' lang='lat' dir='ltr'><strong>Oblitusque</strong></span> <span class='ocrx_word' id='word_1_41' title='bbox 271 859 423 915; x_wconf 91' lang='lat' dir='ltr'><strong>meorum,</strong></span> <span class='ocrx_word' id='word_1_42' title='bbox 440 840 662 905; x_wconf 90' lang='lat' dir='ltr'><strong>obliviscendus</strong></span> <span class='ocrx_word' id='word_1_43' title='bbox 676 848 707 903; x_wconf 87' lang='lat' dir='ltr'><strong>ct</strong></span> <span class='ocrx_word' id='word_1_44' title='bbox 721 840 789 915; x_wconf 87' lang='lat' dir='ltr'><strong>iliis,</strong></span> 
     </span>
    </p>

    <p class='ocr_par' dir='ltr' id='par_1_5' title="bbox 81 928 1071 1188">
     <span class='ocr_line' id='line_1_8' title="bbox 81 928 1071 1012; baseline -0.004 -21"><span class='ocrx_word' id='word_1_45' title='bbox 81 928 263 1011; x_wconf 88' lang='lat' dir='ltr'><strong>Neptunum</strong></span> <span class='ocrx_word' id='word_1_46' title='bbox 277 929 385 1012; x_wconf 87' lang='lat' dir='ltr'><strong>procul</strong></span> <span class='ocrx_word' id='word_1_47' title='bbox 398 948 415 990; x_wconf 92' lang='lat' dir='ltr'><strong>c</strong></span> <span class='ocrx_word' id='word_1_48' title='bbox 429 933 508 991; x_wconf 81' lang='lat' dir='ltr'><strong>terra</strong></span> <span class='ocrx_word' id='word_1_49' title='bbox 521 936 658 1011; x_wconf 84' lang='lat' dir='ltr'><strong>spectare</strong></span> <span class='ocrx_word' id='word_1_50' title='bbox 674 928 838 990; x_wconf 84' lang='lat' dir='ltr'><strong>furentem.</strong></span> <span class='ocrx_word' id='word_1_51' title='bbox 983 952 1007 987; x_wconf 82' lang='grc' dir='ltr'><strong>ιι</strong></span> <span class='ocrx_word' id='word_1_52' title='bbox 1063 960 1071 971; x_wconf 63' lang='lat'><em>2</em></span> 
     </span>
     <span class='ocr_line' id='line_1_9' title="bbox 82 1015 935 1099; baseline -0.004 -19"><span class='ocrx_word' id='word_1_53' title='bbox 82 1016 145 1081; x_wconf 87' lang='lat' dir='ltr'><strong>Sed</strong></span> <span class='ocrx_word' id='word_1_54' title='bbox 156 1018 272 1099; x_wconf 79' lang='lat' dir='ltr'><strong>neque⁸</strong></span> <span class='ocrx_word' id='word_1_55' title='bbox 281 1017 335 1098; x_wconf 94' lang='lat' dir='ltr'><strong>qui</strong></span> <span class='ocrx_word' id='word_1_56' title='bbox 347 1015 450 1098; x_wconf 79' lang='lat' dir='ltr'><strong>Caput</strong></span> <span class='ocrx_word' id='word_1_57' title='bbox 458 1015 586 1079; x_wconf 88' lang='lat' dir='ltr'><strong>Romam</strong></span> <span class='ocrx_word' id='word_1_58' title='bbox 600 1018 686 1098; x_wconf 88' lang='lat' dir='ltr'><strong>petit,</strong></span> <span class='ocrx_word' id='word_1_59' title='bbox 698 1017 796 1079; x_wconf 83' lang='lat' dir='ltr'><strong>imbre</strong></span> <span class='ocrx_word' id='word_1_60' title='bbox 808 1016 935 1096; x_wconf 87' lang='lat' dir='ltr'><strong>lutoque</strong></span> 
     </span>
     <span class='ocr_line' id='line_1_10' title="bbox 82 1104 835 1188; baseline -0.004 -19"><span class='ocrx_word' id='word_1_61' title='bbox 82 1106 267 1188; x_wconf 76' lang='lat' dir='ltr'><strong>Adspcrsus,</strong></span> <span class='ocrx_word' id='word_1_62' title='bbox 282 1106 364 1168; x_wconf 90' lang='lat' dir='ltr'><strong>volet</strong></span> <span class='ocrx_word' id='word_1_63' title='bbox 378 1105 410 1166; x_wconf 91' lang='lat' dir='ltr'><strong>in</strong></span> <span class='ocrx_word' id='word_1_64' title='bbox 424 1108 563 1187; x_wconf 75' lang='lat' dir='ltr'><strong>caupona</strong></span> <span class='ocrx_word' id='word_1_65' title='bbox 575 1105 690 1181; x_wconf 90' lang='lat' dir='ltr'><strong>vivere;</strong></span> <span class='ocrx_word' id='word_1_66' title='bbox 710 1124 768 1167; x_wconf 91' lang='lat' dir='ltr'><strong>nec</strong></span> <span class='ocrx_word' id='word_1_67' title='bbox 781 1104 835 1186; x_wconf 92' lang='lat' dir='ltr'><strong>qui</strong></span> 
     </span>
    </p>

    <p class='ocr_par' dir='ltr' id='par_1_6' title="bbox 82 1194 742 1275">
     <span class='ocr_line' id='line_1_11' title="bbox 82 1194 742 1275; baseline -0.006 -17"><span class='ocrx_word' id='word_1_68' title='bbox 82 1194 192 1275; x_wconf 83' lang='lat' dir='ltr'><strong>Frigus</strong></span> <span class='ocrx_word' id='word_1_69' title='bbox 206 1194 338 1275; x_wconf 84' lang='lat' dir='ltr'><strong>collegit,</strong></span> <span class='ocrx_word' id='word_1_70' title='bbox 355 1194 462 1257; x_wconf 81' lang='lat' dir='ltr'><strong>fumos</strong></span> <span class='ocrx_word' id='word_1_71' title='bbox 475 1202 507 1257; x_wconf 91' lang='lat' dir='ltr'><strong>et</strong></span> <span class='ocrx_word' id='word_1_72' title='bbox 517 1194 626 1256; x_wconf 90' lang='lat' dir='ltr'><strong>balnea</strong></span> <span class='ocrx_word' id='word_1_73' title='bbox 639 1194 742 1257; x_wconf 91' lang='lat' dir='ltr'><strong>laudat</strong></span> 
     </span>
    </p>

    <p class='ocr_par' dir='ltr' id='par_1_7' title="bbox 82 1280 733 1365">
     <span class='ocr_line' id='line_1_12' title="bbox 82 1280 733 1365; baseline -0.002 -22"><span class='ocrx_word' id='word_1_74' title='bbox 82 1280 125 1344; x_wconf 88' lang='lat' dir='ltr'><strong>Ut</strong></span> <span class='ocrx_word' id='word_1_75' title='bbox 140 1284 324 1346; x_wconf 80' lang='lat' dir='ltr'><strong>fortunatam</strong></span> <span class='ocrx_word' id='word_1_76' title='bbox 339 1282 430 1363; x_wconf 79' lang='lat' dir='ltr'><strong>plene</strong></span> <span class='ocrx_word' id='word_1_77' title='bbox 444 1281 619 1365; x_wconf 77' lang='lat' dir='ltr'><strong>praestantia</strong></span> <span class='ocrx_word' id='word_1_78' title='bbox 630 1282 733 1342; x_wconf 85' lang='lat' dir='ltr'><strong>vitam.</strong></span> 
     </span>
    </p>

    <p class='ocr_par' dir='ltr' id='par_1_8' title="bbox 84 1370 1007 1539">
     <span class='ocr_line' id='line_1_13' title="bbox 85 1370 1007 1453; baseline -0.002 -20"><span class='ocrx_word' id='word_1_79' title='bbox 85 1370 160 1448; x_wconf 82' lang='lat' dir='ltr'><strong>Nec,</strong></span> <span class='ocrx_word' id='word_1_80' title='bbox 178 1372 242 1435; x_wconf 90' lang='lat' dir='ltr'><strong>site</strong></span> <span class='ocrx_word' id='word_1_81' title='bbox 255 1371 542 1453; x_wconf 85' lang='lat' dir='ltr'><strong>validusjactavcrit</strong></span> <span class='ocrx_word' id='word_1_82' title='bbox 554 1371 667 1433; x_wconf 77' lang='lat' dir='ltr'><strong>Auster</strong></span> <span class='ocrx_word' id='word_1_83' title='bbox 681 1370 713 1432; x_wconf 93' lang='lat' dir='ltr'><strong>in</strong></span> <span class='ocrx_word' id='word_1_84' title='bbox 728 1370 799 1445; x_wconf 86' lang='lat' dir='ltr'><strong>alto,</strong></span> <span class='ocrx_word' id='word_1_85' title='bbox 983 1393 1007 1431; x_wconf 80' lang='grc' dir='ltr'><strong>ιι</strong></span> 
     </span>
     <span class='ocr_line' id='line_1_14' title="bbox 84 1457 828 1539; baseline -0.001 -18"><span class='ocrx_word' id='word_1_86' title='bbox 84 1458 203 1524; x_wconf 88' lang='lat' dir='ltr'><strong>Idcirco</strong></span> <span class='ocrx_word' id='word_1_87' title='bbox 217 1478 326 1523; x_wconf 93' lang='lat' dir='ltr'><strong>navem</strong></span> <span class='ocrx_word' id='word_1_88' title='bbox 342 1468 426 1522; x_wconf 89' lang='lat' dir='ltr'><strong>trans</strong></span> <span class='ocrx_word' id='word_1_89' title='bbox 438 1458 577 1539; x_wconf 81' lang='lat' dir='ltr'><strong>AEgacum</strong></span> <span class='ocrx_word' id='word_1_90' title='bbox 592 1457 828 1522; x_wconf 62' lang='lat' dir='ltr'><strong>traiciendas.</strong></span> 
     </span>
    </p>

    <p class='ocr_par' dir='ltr' id='par_1_9' title="bbox 85 1546 919 1717">
     <span class='ocr_line' id='line_1_15' title="bbox 85 1546 919 1629; baseline -0.005 -16"><span class='ocrx_word' id='word_1_91' title='bbox 85 1550 234 1613; x_wconf 87' lang='lat' dir='ltr'><strong>Incolumi</strong></span> <span class='ocrx_word' id='word_1_92' title='bbox 254 1548 376 1612; x_wconf 88' lang='lat' dir='ltr'><strong>Rhodos</strong></span> <span class='ocrx_word' id='word_1_93' title='bbox 390 1558 422 1611; x_wconf 89' lang='lat' dir='ltr'><strong>et</strong></span> <span class='ocrx_word' id='word_1_94' title='bbox 434 1547 581 1629; x_wconf 85' lang='lat' dir='ltr'><strong>Mitylene</strong></span> <span class='ocrx_word' id='word_1_95' title='bbox 595 1547 724 1628; x_wconf 90' lang='lat' dir='ltr'><strong>pulchra</strong></span> <span class='ocrx_word' id='word_1_96' title='bbox 734 1547 806 1609; x_wconf 88' lang='lat' dir='ltr'><strong>lacit</strong></span> <span class='ocrx_word' id='word_1_97' title='bbox 818 1546 919 1628; x_wconf 81' lang='lat' dir='ltr'><strong>quod⁸</strong></span> 
     </span>
     <span class='ocr_line' id='line_1_16' title="bbox 85 1635 819 1717; baseline -0.004 -16"><span class='ocrx_word' id='word_1_98' title='bbox 85 1638 211 1701; x_wconf 81' lang='lat' dir='ltr'><strong>Paenula</strong></span> <span class='ocrx_word' id='word_1_99' title='bbox 222 1638 362 1711; x_wconf 89' lang='lat' dir='ltr'><strong>solstitio,</strong></span> <span class='ocrx_word' id='word_1_100' title='bbox 378 1643 549 1717; x_wconf 84' lang='lat' dir='ltr'><strong>campestre</strong></span> <span class='ocrx_word' id='word_1_101' title='bbox 563 1635 713 1699; x_wconf 88' lang='lat' dir='ltr'><strong>nivalibus</strong></span> <span class='ocrx_word' id='word_1_102' title='bbox 726 1636 819 1710; x_wconf 85' lang='lat' dir='ltr'><strong>auris,</strong></span> 
     </span>
    </p>

    <p class='ocr_par' dir='ltr' id='par_1_10' title="bbox 86 1723 850 1803">
     <span class='ocr_line' id='line_1_17' title="bbox 86 1723 850 1803; baseline -0.005 -11"><span class='ocrx_word' id='word_1_103' title='bbox 86 1728 145 1792; x_wconf 86' lang='lat' dir='ltr'><strong>Per</strong></span> <span class='ocrx_word' id='word_1_104' title='bbox 156 1729 298 1792; x_wconf 88' lang='lat' dir='ltr'><strong>bmmam</strong></span> <span class='ocrx_word' id='word_1_105' title='bbox 311 1726 437 1803; x_wconf 84' lang='lat' dir='ltr'><strong>Tiberis,</strong></span> <span class='ocrx_word' id='word_1_106' title='bbox 453 1723 573 1788; x_wconf 80' lang='lat' dir='ltr'><strong>Sextili’</strong></span> <span class='ocrx_word' id='word_1_107' title='bbox 583 1743 690 1788; x_wconf 90' lang='lat' dir='ltr'><strong>mense</strong></span> <span class='ocrx_word' id='word_1_108' title='bbox 703 1725 850 1788; x_wconf 89' lang='lat' dir='ltr'><strong>caminus.</strong></span> 
     </span>
    </p>

    <p class='ocr_par' dir='ltr' id='par_1_11' title="bbox 85 1814 1018 2077">
     <span class='ocr_line' id='line_1_18' title="bbox 85 1814 1011 1896; baseline -0.006 -15"><span class='ocrx_word' id='word_1_109' title='bbox 85 1820 167 1884; x_wconf 89' lang='lat' dir='ltr'><strong>Dum</strong></span> <span class='ocrx_word' id='word_1_110' title='bbox 182 1820 260 1895; x_wconf 87' lang='lat' dir='ltr'><strong>licet,</strong></span> <span class='ocrx_word' id='word_1_111' title='bbox 276 1838 313 1882; x_wconf 88' lang='lat' dir='ltr'><strong>ac</strong></span> <span class='ocrx_word' id='word_1_112' title='bbox 325 1818 445 1881; x_wconf 89' lang='lat' dir='ltr'><strong>vultum</strong></span> <span class='ocrx_word' id='word_1_113' title='bbox 457 1823 555 1879; x_wconf 89' lang='lat' dir='ltr'><strong>servat</strong></span> <span class='ocrx_word' id='word_1_114' title='bbox 569 1814 692 1879; x_wconf 86' lang='lat' dir='ltr'><strong>fortuna</strong></span> <span class='ocrx_word' id='word_1_115' title='bbox 705 1815 884 1896; x_wconf 83' lang='lat' dir='ltr'><strong>benignum,</strong></span> <span class='ocrx_word' id='word_1_116' title='bbox 984 1837 1011 1875; x_wconf 80' lang='lat' dir='ltr'><strong>ao</strong></span> 
     </span>
     <span class='ocr_line' id='line_1_19' title="bbox 86 1904 1018 1971; baseline -0.006 0"><span class='ocrx_word' id='word_1_117' title='bbox 86 1908 192 1971; x_wconf 79' lang='lat' dir='ltr'><strong>Romae</strong></span> <span class='ocrx_word' id='word_1_118' title='bbox 200 1908 341 1971; x_wconf 87' lang='lat' dir='ltr'><strong>laudetur</strong></span> <span class='ocrx_word' id='word_1_119' title='bbox 354 1905 460 1969; x_wconf 84' lang='lat' dir='ltr'><strong>Samos</strong></span> <span class='ocrx_word' id='word_1_120' title='bbox 473 1915 503 1969; x_wconf 89' lang='lat' dir='ltr'><strong>ct</strong></span> <span class='ocrx_word' id='word_1_121' title='bbox 518 1904 609 1967; x_wconf 87' lang='lat' dir='ltr'><strong>Chios</strong></span> <span class='ocrx_word' id='word_1_122' title='bbox 617 1914 646 1968; x_wconf 87' lang='lat' dir='ltr'><strong>et</strong></span> <span class='ocrx_word' id='word_1_123' title='bbox 656 1904 780 1967; x_wconf 85' lang='lat' dir='ltr'><strong>Rhodos</strong></span> <span class='ocrx_word' id='word_1_124' title='bbox 792 1904 934 1966; x_wconf 85' lang='lat' dir='ltr'><strong>absens¹⁰.</strong></span> <span class='ocrx_word' id='word_1_125' title='bbox 1014 1913 1018 1920; x_wconf 88' lang='lat'>&#39;</span> 
     </span>
     <span class='ocr_line' id='line_1_20' title="bbox 87 1992 903 2077; baseline -0.007 -19"><span class='ocrx_word' id='word_1_126' title='bbox 87 1995 145 2073; x_wconf 89' lang='lat' dir='ltr'><strong>Tu,</strong></span> <span class='ocrx_word' id='word_1_127' title='bbox 162 2012 390 2077; x_wconf 85' lang='lat' dir='ltr'><strong>quemcumque</strong></span> <span class='ocrx_word' id='word_1_128' title='bbox 403 1993 485 2056; x_wconf 90' lang='lat' dir='ltr'><strong>Deus</strong></span> <span class='ocrx_word' id='word_1_129' title='bbox 500 1992 554 2055; x_wconf 93' lang='lat' dir='ltr'><strong>tibi</strong></span> <span class='ocrx_word' id='word_1_130' title='bbox 570 1992 770 2055; x_wconf 85' lang='lat' dir='ltr'><strong>fortunaverit</strong></span> <span class='ocrx_word' id='word_1_131' title='bbox 783 1992 903 2068; x_wconf 86' lang='lat' dir='ltr'><strong>horam,</strong></span> 
     </span>
    </p>

    <p class='ocr_par' dir='ltr' id='par_1_12' title="bbox 87 2079 924 2160">
     <span class='ocr_line' id='line_1_21' title="bbox 87 2079 924 2160; baseline -0.008 -13"><span class='ocrx_word' id='word_1_132' title='bbox 87 2084 179 2147; x_wconf 79' lang='lat' dir='ltr'><strong>Grata</strong></span> <span class='ocrx_word' id='word_1_133' title='bbox 192 2104 280 2147; x_wconf 89' lang='lat' dir='ltr'><strong>sume</strong></span> <span class='ocrx_word' id='word_1_134' title='bbox 293 2102 400 2159; x_wconf 84' lang='lat' dir='ltr'><strong>manu,</strong></span> <span class='ocrx_word' id='word_1_135' title='bbox 417 2101 480 2160; x_wconf 81' lang='lat' dir='ltr'><strong>neu</strong></span> <span class='ocrx_word' id='word_1_136' title='bbox 493 2079 595 2143; x_wconf 86' lang='lat' dir='ltr'><strong>dulcia</strong></span> <span class='ocrx_word' id='word_1_137' title='bbox 608 2080 697 2141; x_wconf 86' lang='lat' dir='ltr'><strong>differ</strong></span> <span class='ocrx_word' id='word_1_138' title='bbox 710 2081 742 2141; x_wconf 92' lang='lat' dir='ltr'><strong>in</strong></span> <span class='ocrx_word' id='word_1_139' title='bbox 755 2097 892 2141; x_wconf 88' lang='lat' dir='ltr'><strong>annum:</strong></span> <span class='ocrx_word' id='word_1_140' title='bbox 922 2094 924 2100; x_wconf 79' lang='grc'><em>’</em></span> 
     </span>
    </p>

    <p class='ocr_par' dir='ltr' id='par_1_13' title="bbox 88 2169 830 2257">
     <span class='ocr_line' id='line_1_22' title="bbox 88 2169 830 2257; baseline -0.012 -19"><span class='ocrx_word' id='word_1_141' title='bbox 88 2172 138 2252; x_wconf 89' lang='lat' dir='ltr'><strong>Ut,</strong></span> <span class='ocrx_word' id='word_1_142' title='bbox 155 2193 352 2257; x_wconf 90' lang='lat' dir='ltr'><strong>quocumque</strong></span> <span class='ocrx_word' id='word_1_143' title='bbox 365 2175 432 2236; x_wconf 88' lang='lat' dir='ltr'><strong>loco</strong></span> <span class='ocrx_word' id='word_1_144' title='bbox 447 2171 553 2244; x_wconf 82' lang='lat' dir='ltr'><strong>fueris,</strong></span> <span class='ocrx_word' id='word_1_145' title='bbox 571 2169 684 2232; x_wconf 83' lang='lat' dir='ltr'><strong>vixisse</strong></span> <span class='ocrx_word' id='word_1_146' title='bbox 699 2169 830 2230; x_wconf 89' lang='lat' dir='ltr'><strong>libenter</strong></span> 
     </span>
    </p>
   </div>
   <div class='ocr_carea' id='block_1_3' title="bbox 88 2278 1014 2499">
    <p class='ocr_par' dir='ltr' id='par_1_14' title="bbox 88 2278 1014 2499">
     <span class='ocr_line' id='line_1_23' title="bbox 118 2278 1012 2340; baseline -0.013 -10"><span class='ocrx_word' id='word_1_147' title='bbox 118 2296 136 2330; x_wconf 87' lang='lat' dir='ltr'><strong>t.</strong></span> <span class='ocrx_word' id='word_1_148' title='bbox 151 2284 272 2340; x_wconf 71' lang='lat' dir='ltr'><strong>Maiore...</strong></span> <span class='ocrx_word' id='word_1_149' title='bbox 288 2285 391 2333; x_wconf 75' lang='lat' dir='ltr'><strong>sordent.</strong></span> <span class='ocrx_word' id='word_1_150' title='bbox 405 2290 479 2327; x_wconf 87' lang='lat' dir='ltr'><strong>est-ce</strong></span> <span class='ocrx_word' id='word_1_151' title='bbox 493 2294 536 2338; x_wconf 84' lang='lat' dir='ltr'><strong>que</strong></span> <span class='ocrx_word' id='word_1_152' title='bbox 563 2278 1012 2330; x_wconf 75' lang='lat' dir='ltr'><strong>misis&#39;illesalleitt.b‘ideed¹licruceest</strong></span> 
     </span>
     <span class='ocr_line' id='line_1_24' title="bbox 88 2333 1013 2391; baseline -0.011 -8"><span class='ocrx_word' id='word_1_153' title='bbox 88 2345 161 2383; x_wconf 85' lang='lat' dir='ltr'><strong>tontes</strong></span> <span class='ocrx_word' id='word_1_154' title='bbox 172 2350 209 2382; x_wconf 87' lang='lat' dir='ltr'><strong>ces</strong></span> <span class='ocrx_word' id='word_1_155' title='bbox 219 2340 292 2391; x_wconf 82' lang='lat' dir='ltr'><strong>villos,</strong></span> <span class='ocrx_word' id='word_1_156' title='bbox 302 2338 394 2391; x_wconf 84' lang='lat' dir='ltr'><strong>qu&#39;elles</strong></span> <span class='ocrx_word' id='word_1_157' title='bbox 409 2339 481 2381; x_wconf 82' lang='lat' dir='ltr'><strong>soient</strong></span> <span class='ocrx_word' id='word_1_158' title='bbox 494 2348 536 2378; x_wconf 84' lang='lat' dir='ltr'><strong>au·</strong></span> <span class='ocrx_word' id='word_1_159' title='bbox 564 2335 634 2389; x_wconf 89' lang='lat' dir='ltr'><strong>qucle</strong></span> <span class='ocrx_word' id='word_1_160' title='bbox 642 2333 911 2389; x_wconf 78' lang='lat' dir='ltr'><strong>sugepeutetrebcureux</strong></span> <span class='ocrx_word' id='word_1_161' title='bbox 919 2337 1013 2385; x_wconf 80' lang='lat' dir='ltr'><strong>purtout.</strong></span> 
     </span>
     <span class='ocr_line' id='line_1_25' title="bbox 89 2386 1013 2442; baseline -0.012 -5"><span class='ocrx_word' id='word_1_162' title='bbox 89 2394 206 2437; x_wconf 83' lang='lat' dir='ltr'><strong>dessusou</strong></span> <span class='ocrx_word' id='word_1_163' title='bbox 223 2392 355 2435; x_wconf 80' lang='lat' dir='ltr'><strong>uu-dessous</strong></span> <span class='ocrx_word' id='word_1_164' title='bbox 371 2392 398 2434; x_wconf 88' lang='lat' dir='ltr'><strong>dc</strong></span> <span class='ocrx_word' id='word_1_165' title='bbox 411 2388 491 2433; x_wconf 80' lang='lat' dir='ltr'><strong>lcnrrd</strong></span> <span class='ocrx_word' id='word_1_166' title='bbox 507 2401 535 2432; x_wconf 89' lang='lat' dir='ltr'><strong>u·</strong></span> <span class='ocrx_word' id='word_1_167' title='bbox 592 2392 611 2429; x_wconf 79' lang='lat'><strong>⁶.</strong></span> <span class='ocrx_word' id='word_1_168' title='bbox 631 2386 673 2429; x_wconf 82' lang='lat' dir='ltr'><strong>Sed</strong></span> <span class='ocrx_word' id='word_1_169' title='bbox 689 2398 772 2442; x_wconf 79' lang='lat' dir='ltr'><strong>neque,</strong></span> <span class='ocrx_word' id='word_1_170' title='bbox 789 2393 832 2429; x_wconf 88' lang='lat' dir='ltr'><strong>etc.</strong></span> <span class='ocrx_word' id='word_1_171' title='bbox 850 2386 959 2428; x_wconf 83' lang='lat' dir='ltr'><strong>L’bcmme</strong></span> <span class='ocrx_word' id='word_1_172' title='bbox 976 2386 1013 2437; x_wconf 88' lang='lat' dir='ltr'><strong>qui</strong></span> 
     </span>
     <span class='ocr_line' id='line_1_26' title="bbox 89 2402 1014 2499; baseline -0.01 -11"><span class='ocrx_word' id='word_1_173' title='bbox 89 2448 172 2499; x_wconf 77' lang='lat' dir='ltr'><strong>terion,</strong></span> <span class='ocrx_word' id='word_1_174' title='bbox 181 2456 210 2487; x_wconf 86' lang='lat' dir='ltr'><strong>ne</strong></span> <span class='ocrx_word' id='word_1_175' title='bbox 226 2452 248 2487; x_wconf 87' lang='lat' dir='ltr'><strong>tc</strong></span> <span class='ocrx_word' id='word_1_176' title='bbox 258 2446 383 2499; x_wconf 75' lang='lat' dir='ltr'><strong>paruissent</strong></span> <span class='ocrx_word' id='word_1_177' title='bbox 392 2455 432 2498; x_wconf 85' lang='lat' dir='ltr'><strong>pas</strong></span> <span class='ocrx_word' id='word_1_178' title='bbox 442 2402 537 2489; x_wconf 59' lang='lat' dir='ltr'><strong>mtsiia-</strong></span> <span class='ocrx_word' id='word_1_179' title='bbox 564 2440 626 2482; x_wconf 85' lang='lat' dir='ltr'><strong>vient</strong></span> <span class='ocrx_word' id='word_1_180' title='bbox 635 2440 662 2482; x_wconf 86' lang='lat' dir='ltr'><strong>de</strong></span> <span class='ocrx_word' id='word_1_181' title='bbox 677 2443 763 2494; x_wconf 83' lang='lat' dir='ltr'><strong>capoue</strong></span> <span class='ocrx_word' id='word_1_182' title='bbox 771 2439 784 2481; x_wconf 75' lang='lat' dir='ltr'><strong>b</strong></span> <span class='ocrx_word' id='word_1_183' title='bbox 793 2443 862 2481; x_wconf 76' lang='lat' dir='ltr'><strong>Rome</strong></span> <span class='ocrx_word' id='word_1_184' title='bbox 877 2449 917 2492; x_wconf 85' lang='lat' dir='ltr'><strong>pur</strong></span> <span class='ocrx_word' id='word_1_185' title='bbox 931 2438 952 2479; x_wconf 84' lang='lat' dir='ltr'><strong>lu</strong></span> <span class='ocrx_word' id='word_1_186' title='bbox 964 2440 1014 2479; x_wconf 80' lang='lat' dir='ltr'><strong>voic</strong></span> 
     </span>
    </p>
   </div>
   <div class='ocr_carea' id='block_1_4' title="bbox 88 2490 1023 3667">
    <p class='ocr_par' dir='ltr' id='par_1_15' title="bbox 88 2490 1023 3667">
     <span class='ocr_line' id='line_1_27' title="bbox 88 2490 1012 2553; baseline -0.011 -12"><span class='ocrx_word' id='word_1_187' title='bbox 88 2498 218 2541; x_wconf 73' lang='lat' dir='ltr'><strong>blesbcbtd</strong></span> <span class='ocrx_word' id='word_1_188' title='bbox 233 2498 262 2541; x_wconf 92' lang='lat' dir='ltr'><strong>du</strong></span> <span class='ocrx_word' id='word_1_189' title='bbox 273 2500 354 2553; x_wconf 81' lang='lat' dir='ltr'><strong>clremp</strong></span> <span class='ocrx_word' id='word_1_190' title='bbox 363 2497 392 2541; x_wconf 88' lang='lat' dir='ltr'><strong>de</strong></span> <span class='ocrx_word' id='word_1_191' title='bbox 401 2500 458 2540; x_wconf 77' lang='lat' dir='ltr'><strong>blara</strong></span> <span class='ocrx_word' id='word_1_192' title='bbox 474 2499 496 2539; x_wconf 84' lang='lat' dir='ltr'><strong>et</strong></span> <span class='ocrx_word' id='word_1_193' title='bbox 508 2495 538 2539; x_wconf 90' lang='lat' dir='ltr'><strong>du</strong></span> <span class='ocrx_word' id='word_1_194' title='bbox 565 2494 679 2546; x_wconf 77' lang='lat' dir='ltr'><strong>Appienne</strong></span> <span class='ocrx_word' id='word_1_195' title='bbox 702 2504 731 2537; x_wconf 85' lang='lat' dir='ltr'><strong>ne</strong></span> <span class='ocrx_word' id='word_1_196' title='bbox 757 2492 824 2536; x_wconf 81' lang='lat' dir='ltr'><strong>serait</strong></span> <span class='ocrx_word' id='word_1_197' title='bbox 841 2503 881 2547; x_wconf 81' lang='lat' dir='ltr'><strong>pus</strong></span> <span class='ocrx_word' id='word_1_198' title='bbox 904 2501 957 2551; x_wconf 70' lang='lat' dir='ltr'><strong>suge</strong></span> <span class='ocrx_word' id='word_1_199' title='bbox 979 2490 1012 2551; x_wconf 80' lang='lat' dir='ltr'><strong>si,</strong></span> 
     </span>
     <span class='ocr_line' id='line_1_28' title="bbox 89 2540 1014 2603; baseline -0.012 -8"><span class='ocrx_word' id='word_1_200' title='bbox 89 2554 170 2595; x_wconf 81' lang='lat' dir='ltr'><strong>Tibre?</strong></span> <span class='ocrx_word' id='word_1_201' title='bbox 565 2557 630 2599; x_wconf 85' lang='lat' dir='ltr'><strong>parce</strong></span> <span class='ocrx_word' id='word_1_202' title='bbox 639 2545 690 2600; x_wconf 88' lang='lat' dir='ltr'><strong>qu&#39;il</strong></span> <span class='ocrx_word' id='word_1_203' title='bbox 700 2542 756 2589; x_wconf 69' lang='lat' dir='ltr'><strong>aete</strong></span> <span class='ocrx_word' id='word_1_204' title='bbox 771 2542 840 2587; x_wconf 79' lang='lat' dir='ltr'><strong>crottd</strong></span> <span class='ocrx_word' id='word_1_205' title='bbox 856 2551 879 2587; x_wconf 90' lang='lat' dir='ltr'><strong>et</strong></span> <span class='ocrx_word' id='word_1_206' title='bbox 891 2540 989 2603; x_wconf 75' lang='lat' dir='ltr'><strong>mouille,</strong></span> <span class='ocrx_word' id='word_1_207' title='bbox 997 2544 1014 2584; x_wconf 86' lang='lat' dir='ltr'><strong>ri</strong></span> 
     </span>
     <span class='ocr_line' id='line_1_29' title="bbox 118 2598 1015 2655; baseline -0.012 -8"><span class='ocrx_word' id='word_1_208' title='bbox 118 2612 137 2647; x_wconf 87' lang='lat'><strong>2.</strong></span> <span class='ocrx_word' id='word_1_209' title='bbox 158 2604 220 2649; x_wconf 81' lang='lat' dir='ltr'><strong>Venit</strong></span> <span class='ocrx_word' id='word_1_210' title='bbox 229 2604 350 2655; x_wconf 77' lang='lat' dir='ltr'><strong>incolum,</strong></span> <span class='ocrx_word' id='word_1_211' title='bbox 360 2608 424 2645; x_wconf 82' lang='lat' dir='ltr'><strong>entre</strong></span> <span class='ocrx_word' id='word_1_212' title='bbox 439 2601 538 2643; x_wconf 71' lang='lat' dir='ltr'><strong>dunsten</strong></span> <span class='ocrx_word' id='word_1_213' title='bbox 566 2599 649 2642; x_wconf 89' lang='lat' dir='ltr'><strong>vouiait</strong></span> <span class='ocrx_word' id='word_1_214' title='bbox 665 2610 743 2653; x_wconf 79' lang='lat' dir='ltr'><strong>passer</strong></span> <span class='ocrx_word' id='word_1_215' title='bbox 752 2600 772 2643; x_wconf 85' lang='lat' dir='ltr'><strong>le</strong></span> <span class='ocrx_word' id='word_1_216' title='bbox 787 2604 845 2641; x_wconf 89' lang='lat' dir='ltr'><strong>reste</strong></span> <span class='ocrx_word' id='word_1_217' title='bbox 859 2598 887 2639; x_wconf 88' lang='lat' dir='ltr'><strong>de</strong></span> <span class='ocrx_word' id='word_1_218' title='bbox 903 2606 939 2637; x_wconf 86' lang='lat' dir='ltr'><strong>ses</strong></span> <span class='ocrx_word' id='word_1_219' title='bbox 952 2606 1015 2647; x_wconf 65' lang='lat' dir='ltr'><strong>lours</strong></span> 
     </span>
     <span class='ocr_line' id='line_1_30' title="bbox 89 2647 1015 2709; baseline -0.011 -8"><span class='ocrx_word' id='word_1_220' title='bbox 89 2657 176 2708; x_wconf 76' lang='lat' dir='ltr'><strong>desire,</strong></span> <span class='ocrx_word' id='word_1_221' title='bbox 186 2658 322 2701; x_wconf 62' lang='lat' dir='ltr'><strong>c&#39;esv-bdire</strong></span> <span class='ocrx_word' id='word_1_222' title='bbox 336 2664 357 2699; x_wconf 89' lang='lat' dir='ltr'><strong>te</strong></span> <span class='ocrx_word' id='word_1_223' title='bbox 371 2655 436 2709; x_wconf 85' lang='lat' dir='ltr'><strong>plait,</strong></span> <span class='ocrx_word' id='word_1_224' title='bbox 451 2656 539 2697; x_wconf 81' lang='lat' dir='ltr'><strong>t’attirc.</strong></span> <span class='ocrx_word' id='word_1_225' title='bbox 565 2652 623 2694; x_wconf 81' lang='lat' dir='ltr'><strong>dune</strong></span> <span class='ocrx_word' id='word_1_226' title='bbox 632 2653 742 2707; x_wconf 75' lang='lat' dir='ltr'><strong>l’auberge</strong></span> <span class='ocrx_word' id='word_1_227' title='bbox 750 2653 780 2695; x_wconf 85' lang='lat' dir='ltr'><strong>ob</strong></span> <span class='ocrx_word' id='word_1_228' title='bbox 788 2651 803 2693; x_wconf 93' lang='lat' dir='ltr'><strong>il</strong></span> <span class='ocrx_word' id='word_1_229' title='bbox 811 2657 846 2694; x_wconf 88' lang='lat' dir='ltr'><strong>est</strong></span> <span class='ocrx_word' id='word_1_230' title='bbox 855 2647 919 2693; x_wconf 75' lang='lat' dir='ltr'><strong>entre</strong></span> <span class='ocrx_word' id='word_1_231' title='bbox 928 2660 982 2703; x_wconf 89' lang='lat' dir='ltr'><strong>pour</strong></span> <span class='ocrx_word' id='word_1_232' title='bbox 990 2658 1015 2691; x_wconf 80' lang='lat' dir='ltr'><strong>se</strong></span> 
     </span>
     <span class='ocr_line' id='line_1_31' title="bbox 89 2704 652 2756; baseline -0.016 -1"><span class='ocrx_word' id='word_1_233' title='bbox 89 2733 117 2743; x_wconf 92' lang='lat'><strong>-·</strong></span> <span class='ocrx_word' id='word_1_234' title='bbox 127 2711 235 2755; x_wconf 76' lang='lat' dir='ltr'><strong>Attalicis</strong></span> <span class='ocrx_word' id='word_1_235' title='bbox 250 2710 350 2753; x_wconf 76' lang='lat' dir='ltr'><strong>urbibus.</strong></span> <span class='ocrx_word' id='word_1_236' title='bbox 366 2710 447 2756; x_wconf 74' lang='lat' dir='ltr'><strong>Atreis,</strong></span> <span class='ocrx_word' id='word_1_237' title='bbox 464 2708 498 2750; x_wconf 87' lang='lat' dir='ltr'><strong>roi</strong></span> <span class='ocrx_word' id='word_1_238' title='bbox 512 2707 539 2749; x_wconf 83' lang='lat' dir='ltr'><strong>de</strong></span> <span class='ocrx_word' id='word_1_239' title='bbox 566 2704 652 2747; x_wconf 72' lang='lat' dir='ltr'><strong>scebet.</strong></span> 
     </span>
     <span class='ocr_line' id='line_1_32' title="bbox 90 2753 1019 2819; baseline -0.011 -12"><span class='ocrx_word' id='word_1_240' title='bbox 90 2767 210 2819; x_wconf 75' lang='lat' dir='ltr'><strong>Pergamo,</strong></span> <span class='ocrx_word' id='word_1_241' title='bbox 222 2766 292 2808; x_wconf 80' lang='lat' dir='ltr'><strong>laissa</strong></span> <span class='ocrx_word' id='word_1_242' title='bbox 309 2772 346 2804; x_wconf 85' lang='lat' dir='ltr'><strong>ses</strong></span> <span class='ocrx_word' id='word_1_243' title='bbox 363 2758 423 2805; x_wconf 79' lang='lat' dir='ltr'><strong>Etats</strong></span> <span class='ocrx_word' id='word_1_244' title='bbox 438 2772 479 2803; x_wconf 81' lang='lat' dir='ltr'><strong>aux</strong></span> <span class='ocrx_word' id='word_1_245' title='bbox 494 2762 539 2802; x_wconf 81' lang='lat' dir='ltr'><strong>Ro·</strong></span> <span class='ocrx_word' id='word_1_246' title='bbox 593 2765 612 2801; x_wconf 83' lang='lat' dir='ltr'><strong>t.</strong></span> <span class='ocrx_word' id='word_1_247' title='bbox 630 2756 704 2800; x_wconf 81' lang='lat' dir='ltr'><strong>Trana</strong></span> <span class='ocrx_word' id='word_1_248' title='bbox 711 2756 817 2811; x_wconf 75' lang='lat' dir='ltr'><strong>AEpeum</strong></span> <span class='ocrx_word' id='word_1_249' title='bbox 829 2766 906 2808; x_wconf 79' lang='lat' dir='ltr'><strong>mare,</strong></span> <span class='ocrx_word' id='word_1_250' title='bbox 920 2754 948 2797; x_wconf 85' lang='lat' dir='ltr'><strong>de</strong></span> <span class='ocrx_word' id='word_1_251' title='bbox 961 2753 1019 2797; x_wconf 82' lang='lat' dir='ltr'><strong>l&#39;uu·</strong></span> 
     </span>
     <span class='ocr_line' id='line_1_33' title="bbox 89 2805 1014 2871; baseline -0.011 -12"><span class='ocrx_word' id='word_1_252' title='bbox 89 2818 176 2869; x_wconf 80' lang='lat' dir='ltr'><strong>mnins;</strong></span> <span class='ocrx_word' id='word_1_253' title='bbox 190 2818 224 2859; x_wconf 81' lang='lat' dir='ltr'><strong>lea</strong></span> <span class='ocrx_word' id='word_1_254' title='bbox 233 2815 365 2871; x_wconf 77' lang='lat' dir='ltr'><strong>principales</strong></span> <span class='ocrx_word' id='word_1_255' title='bbox 378 2815 442 2857; x_wconf 80' lang='lat' dir='ltr'><strong>villas</strong></span> <span class='ocrx_word' id='word_1_256' title='bbox 457 2812 485 2855; x_wconf 87' lang='lat' dir='ltr'><strong>de</strong></span> <span class='ocrx_word' id='word_1_257' title='bbox 498 2824 538 2855; x_wconf 90' lang='lat' dir='ltr'><strong>son</strong></span> <span class='ocrx_word' id='word_1_258' title='bbox 566 2814 600 2851; x_wconf 80' lang='lat' dir='ltr'><strong>tre</strong></span> <span class='ocrx_word' id='word_1_259' title='bbox 613 2808 662 2852; x_wconf 76' lang='lat' dir='ltr'><strong>cote</strong></span> <span class='ocrx_word' id='word_1_260' title='bbox 675 2811 703 2852; x_wconf 89' lang='lat' dir='ltr'><strong>de</strong></span> <span class='ocrx_word' id='word_1_261' title='bbox 717 2810 739 2851; x_wconf 83' lang='lat' dir='ltr'><strong>lc</strong></span> <span class='ocrx_word' id='word_1_262' title='bbox 753 2820 800 2851; x_wconf 88' lang='lat' dir='ltr'><strong>mer</strong></span> <span class='ocrx_word' id='word_1_263' title='bbox 810 2805 867 2862; x_wconf 71' lang='lat' dir='ltr'><strong>liges</strong></span> <span class='ocrx_word' id='word_1_264' title='bbox 881 2815 975 2852; x_wconf 77' lang='lat' dir='ltr'><strong>(comme</strong></span> <span class='ocrx_word' id='word_1_265' title='bbox 984 2820 1014 2850; x_wconf 90' lang='lat' dir='ltr'><strong>un</strong></span> 
     </span>
     <span class='ocr_line' id='line_1_34' title="bbox 89 2858 1015 2931; baseline -0.01 -19"><span class='ocrx_word' id='word_1_266' title='bbox 89 2880 195 2931; x_wconf 76' lang='lat' dir='ltr'><strong>royaurne</strong></span> <span class='ocrx_word' id='word_1_267' title='bbox 210 2868 292 2912; x_wconf 77' lang='lat' dir='ltr'><strong>emicui</strong></span> <span class='ocrx_word' id='word_1_268' title='bbox 308 2871 425 2921; x_wconf 68' lang='lat' dir='ltr'><strong>Pergamo,</strong></span> <span class='ocrx_word' id='word_1_269' title='bbox 441 2866 539 2915; x_wconf 78' lang='lat' dir='ltr'><strong>Tralles,</strong></span> <span class='ocrx_word' id='word_1_270' title='bbox 566 2862 699 2925; x_wconf 79' lang='lat' dir='ltr'><strong>hommequi</strong></span> <span class='ocrx_word' id='word_1_271' title='bbox 707 2874 736 2905; x_wconf 89' lang='lat' dir='ltr'><strong>ne</strong></span> <span class='ocrx_word' id='word_1_272' title='bbox 744 2869 795 2904; x_wconf 87' lang='lat' dir='ltr'><strong>veut</strong></span> <span class='ocrx_word' id='word_1_273' title='bbox 805 2863 855 2916; x_wconf 82' lang='lat' dir='ltr'><strong>plus</strong></span> <span class='ocrx_word' id='word_1_274' title='bbox 863 2862 949 2904; x_wconf 78' lang='lat' dir='ltr'><strong>revenit</strong></span> <span class='ocrx_word' id='word_1_275' title='bbox 959 2858 1015 2903; x_wconf 80' lang='lat' dir='ltr'><strong>dens</strong></span> 
     </span>
     <span class='ocr_line' id='line_1_35' title="bbox 89 2918 1016 3038; baseline -0.01 -10"><span class='ocrx_word' id='word_1_276' title='bbox 89 2921 412 3038; x_wconf 28' lang='lat' dir='ltr'><strong>rupavpppppp&#39;ppdpkabfflogu</strong></span> <span class='ocrx_word' id='word_1_277' title='bbox 434 2982 479 3033; x_wconf 86' lang='lat' dir='ltr'><strong>une</strong></span> <span class='ocrx_word' id='word_1_278' title='bbox 499 2972 540 3035; x_wconf 67' lang='lat' dir='ltr'><strong>de!</strong></span> <span class='ocrx_word' id='word_1_279' title='bbox 566 2918 841 3029; x_wconf 40' lang='lat' dir='ltr'><strong>saspappcepiumwnsk&#39;</strong></span> <span class='ocrx_word' id='word_1_280' title='bbox 857 2974 1016 3029; x_wconf 81' lang='lat' dir='ltr'><strong>quiel&#39;esprit</strong></span> 
     </span>
     <span class='ocr_line' id='line_1_36' title="bbox 90 3024 1022 3090; baseline -0.002 -19"><span class='ocrx_word' id='word_1_281' title='bbox 90 3033 161 3090; x_wconf 76' lang='lat' dir='ltr'><strong>doure</strong></span> <span class='ocrx_word' id='word_1_282' title='bbox 177 3029 240 3070; x_wconf 87' lang='lat' dir='ltr'><strong>vrttes</strong></span> <span class='ocrx_word' id='word_1_283' title='bbox 256 3028 284 3070; x_wconf 86' lang='lat' dir='ltr'><strong>de</strong></span> <span class='ocrx_word' id='word_1_284' title='bbox 293 3027 315 3068; x_wconf 77' lang='lat' dir='ltr'><strong>la</strong></span> <span class='ocrx_word' id='word_1_285' title='bbox 331 3024 494 3087; x_wconf 74' lang='lat' dir='ltr'><strong>consederetron</strong></span> <span class='ocrx_word' id='word_1_286' title='bbox 504 3038 540 3067; x_wconf 89' lang='lat' dir='ltr'><strong>ro·</strong></span> <span class='ocrx_word' id='word_1_287' title='bbox 566 3030 615 3071; x_wconf 83' lang='lat' dir='ltr'><strong>sain</strong></span> <span class='ocrx_word' id='word_1_288' title='bbox 623 3032 656 3081; x_wconf 85' lang='lat' dir='ltr'><strong>(et</strong></span> <span class='ocrx_word' id='word_1_289' title='bbox 665 3030 702 3083; x_wconf 85' lang='lat' dir='ltr'><strong>qui</strong></span> <span class='ocrx_word' id='word_1_290' title='bbox 711 3028 744 3071; x_wconf 83' lang='lat' dir='ltr'><strong>n’u</strong></span> <span class='ocrx_word' id='word_1_291' title='bbox 752 3040 793 3083; x_wconf 80' lang='lat' dir='ltr'><strong>pes</strong></span> <span class='ocrx_word' id='word_1_292' title='bbox 802 3029 880 3071; x_wconf 90' lang='lat' dir='ltr'><strong>besoin</strong></span> <span class='ocrx_word' id='word_1_293' title='bbox 890 3027 917 3070; x_wconf 90' lang='lat' dir='ltr'><strong>de</strong></span> <span class='ocrx_word' id='word_1_294' title='bbox 925 3026 957 3081; x_wconf 70' lang='grc' dir='ltr'><strong>εἰ</strong></span> <span class='ocrx_word' id='word_1_295' title='bbox 964 3028 1022 3071; x_wconf 84' lang='lat' dir='ltr'><strong>llxcr</strong></span> 
     </span>
     <span class='ocr_line' id='line_1_37' title="bbox 92 3079 1023 3136; baseline -0.001 -13"><span class='ocrx_word' id='word_1_296' title='bbox 92 3092 181 3123; x_wconf 84' lang='lat' dir='ltr'><strong>nvenne.</strong></span> <span class='ocrx_word' id='word_1_297' title='bbox 199 3085 230 3124; x_wconf 89' lang='lat' dir='ltr'><strong>on</strong></span> <span class='ocrx_word' id='word_1_298' title='bbox 245 3080 373 3135; x_wconf 72' lang='lat' dir='ltr'><strong>yceibbrart</strong></span> <span class='ocrx_word' id='word_1_299' title='bbox 386 3087 436 3121; x_wconf 86' lang='lat' dir='ltr'><strong>tous</strong></span> <span class='ocrx_word' id='word_1_300' title='bbox 451 3079 483 3120; x_wconf 84' lang='lat' dir='ltr'><strong>les</strong></span> <span class='ocrx_word' id='word_1_301' title='bbox 500 3090 540 3119; x_wconf 77' lang='lat' dir='ltr'><strong>rus</strong></span> <span class='ocrx_word' id='word_1_302' title='bbox 566 3094 621 3135; x_wconf 92' lang='lat' dir='ltr'><strong>pour</strong></span> <span class='ocrx_word' id='word_1_303' title='bbox 636 3093 661 3125; x_wconf 87' lang='lat' dir='ltr'><strong>se</strong></span> <span class='ocrx_word' id='word_1_304' title='bbox 677 3082 771 3136; x_wconf 71' lang='lat' dir='ltr'><strong>guerit),</strong></span> <span class='ocrx_word' id='word_1_305' title='bbox 781 3104 808 3113; x_wconf 90' lang='lat'><em>-</em></span> <span class='ocrx_word' id='word_1_306' title='bbox 818 3080 912 3125; x_wconf 82' lang='lat' dir='ltr'><strong>Rbcdoa.</strong></span> <span class='ocrx_word' id='word_1_307' title='bbox 930 3085 983 3133; x_wconf 69' lang='grc' dir='ltr'><strong>νος.</strong></span> <span class='ocrx_word' id='word_1_308' title='bbox 998 3082 1023 3125; x_wconf 75' lang='lat' dir='ltr'><strong>la</strong></span> 
     </span>
     <span class='ocr_line' id='line_1_38' title="bbox 92 3132 1014 3189; baseline -0.007 -12"><span class='ocrx_word' id='word_1_309' title='bbox 92 3134 199 3177; x_wconf 75' lang='lat' dir='ltr'><strong>decretos</strong></span> <span class='ocrx_word' id='word_1_310' title='bbox 215 3146 242 3177; x_wconf 85' lang='lat' dir='ltr'><strong>en</strong></span> <span class='ocrx_word' id='word_1_311' title='bbox 260 3132 376 3176; x_wconf 82' lang='lat' dir='ltr'><strong>l&#39;lronneur</strong></span> <span class='ocrx_word' id='word_1_312' title='bbox 391 3134 418 3175; x_wconf 87' lang='lat' dir='ltr'><strong>de</strong></span> <span class='ocrx_word' id='word_1_313' title='bbox 434 3132 540 3175; x_wconf 82' lang='lat' dir='ltr'><strong>Bacchus.</strong></span> <span class='ocrx_word' id='word_1_314' title='bbox 567 3144 619 3177; x_wconf 83' lang='lat' dir='ltr'><strong>nove</strong></span> <span class='ocrx_word' id='word_1_315' title='bbox 636 3144 644 3178; x_wconf 91' lang='lat' dir='ltr'><strong>r</strong></span> <span class='ocrx_word' id='word_1_316' title='bbox 661 3136 687 3177; x_wconf 91' lang='lat' dir='ltr'><strong>de</strong></span> <span class='ocrx_word' id='word_1_317' title='bbox 701 3136 723 3178; x_wconf 81' lang='lat' dir='ltr'><strong>la</strong></span> <span class='ocrx_word' id='word_1_318' title='bbox 738 3146 793 3189; x_wconf 79' lang='lat' dir='ltr'><strong>page</strong></span> <span class='ocrx_word' id='word_1_319' title='bbox 805 3140 838 3177; x_wconf 72' lang='lat' dir='ltr'><strong>ri.</strong></span> <span class='ocrx_word' id='word_1_320' title='bbox 852 3156 880 3166; x_wconf 92' lang='lat'>-</span> <span class='ocrx_word' id='word_1_321' title='bbox 896 3133 1014 3188; x_wconf 67' lang='lat' dir='ltr'><strong>Mitylene.</strong></span> 
     </span>
     <span class='ocr_line' id='line_1_39' title="bbox 91 3184 1016 3250; baseline -0.002 -21"><span class='ocrx_word' id='word_1_322' title='bbox 91 3184 230 3249; x_wconf 37' lang='lat' dir='ltr'><strong>ficudas,</strong></span> <span class='ocrx_word' id='word_1_323' title='bbox 244 3188 346 3240; x_wconf 82' lang='lat' dir='ltr'><strong>tutores,</strong></span> <span class='ocrx_word' id='word_1_324' title='bbox 364 3184 501 3228; x_wconf 73' lang='lat' dir='ltr'><strong>c’est-bdire</strong></span> <span class='ocrx_word' id='word_1_325' title='bbox 518 3190 541 3227; x_wconf 89' lang='lat' dir='ltr'><strong>tu</strong></span> <span class='ocrx_word' id='word_1_326' title='bbox 567 3189 620 3249; x_wconf 72' lang='lat' dir='ltr'><strong>vop.</strong></span> <span class='ocrx_word' id='word_1_327' title='bbox 630 3186 652 3229; x_wconf 84' lang='lat' dir='ltr'><strong>la</strong></span> <span class='ocrx_word' id='word_1_328' title='bbox 661 3194 734 3250; x_wconf 26' lang='lat' dir='ltr'><strong>notent</strong></span> <span class='ocrx_word' id='word_1_329' title='bbox 744 3190 771 3231; x_wconf 91' lang='lat' dir='ltr'><strong>de</strong></span> <span class='ocrx_word' id='word_1_330' title='bbox 781 3189 803 3231; x_wconf 87' lang='lat' dir='ltr'><strong>lu</strong></span> <span class='ocrx_word' id='word_1_331' title='bbox 811 3199 865 3242; x_wconf 76' lang='lat' dir='ltr'><strong>page</strong></span> <span class='ocrx_word' id='word_1_332' title='bbox 877 3194 907 3231; x_wconf 76' lang='lat' dir='ltr'><strong>tt.</strong></span> <span class='ocrx_word' id='word_1_333' title='bbox 927 3207 954 3219; x_wconf 91' lang='lat'>-</span> <span class='ocrx_word' id='word_1_334' title='bbox 968 3184 1016 3228; x_wconf 77' lang='lat' dir='ltr'><strong>Fc-</strong></span> 
     </span>
     <span class='ocr_line' id='line_1_40' title="bbox 92 3236 1017 3355; baseline -0.014 -20"><span class='ocrx_word' id='word_1_335' title='bbox 92 3239 248 3341; x_wconf 30' lang='lat' dir='ltr'><strong>epops&amp;</strong></span> <span class='ocrx_word' id='word_1_336' title='bbox 259 3291 349 3355; x_wconf 70' lang='lat' dir='ltr'><strong>capies,</strong></span> <span class='ocrx_word' id='word_1_337' title='bbox 367 3290 475 3333; x_wconf 82' lang='lat' dir='ltr'><strong>ancienne</strong></span> <span class='ocrx_word' id='word_1_338' title='bbox 491 3290 543 3353; x_wconf 83' lang='lat' dir='ltr'><strong>ville</strong></span> <span class='ocrx_word' id='word_1_339' title='bbox 567 3236 1017 3348; x_wconf 54' lang='lat' dir='ltr'><strong>mggtddofviviitiretffrilpigyeeffffieos&#39;gss:</strong></span> 
     </span>
     <span class='ocr_line' id='line_1_41' title="bbox 93 3342 994 3399; baseline -0.002 -11"><span class='ocrx_word' id='word_1_340' title='bbox 93 3343 134 3388; x_wconf 84' lang='lat' dir='ltr'><strong>des</strong></span> <span class='ocrx_word' id='word_1_341' title='bbox 143 3345 195 3387; x_wconf 85' lang='lat' dir='ltr'><strong>Vols</strong></span> <span class='ocrx_word' id='word_1_342' title='bbox 211 3356 264 3397; x_wconf 83' lang='lat' dir='ltr'><strong>ves,</strong></span> <span class='ocrx_word' id='word_1_343' title='bbox 278 3342 347 3387; x_wconf 74' lang='lat' dir='ltr'><strong>strues</strong></span> <span class='ocrx_word' id='word_1_344' title='bbox 365 3356 403 3385; x_wconf 92' lang='lat' dir='ltr'><strong>sur</strong></span> <span class='ocrx_word' id='word_1_345' title='bbox 419 3344 439 3385; x_wconf 87' lang='lat' dir='ltr'><strong>le</strong></span> <span class='ocrx_word' id='word_1_346' title='bbox 454 3343 541 3385; x_wconf 85' lang='lat' dir='ltr'><strong>chemin</strong></span> <span class='ocrx_word' id='word_1_347' title='bbox 569 3346 645 3389; x_wconf 86' lang='lat' dir='ltr'><strong>decios</strong></span> <span class='ocrx_word' id='word_1_348' title='bbox 655 3346 710 3389; x_wconf 84' lang='lat' dir='ltr'><strong>dans</strong></span> <span class='ocrx_word' id='word_1_349' title='bbox 720 3348 802 3390; x_wconf 80' lang='lat' dir='ltr'><strong>lesens</strong></span> <span class='ocrx_word' id='word_1_350' title='bbox 811 3346 838 3388; x_wconf 91' lang='lat' dir='ltr'><strong>de</strong></span> <span class='ocrx_word' id='word_1_351' title='bbox 847 3343 994 3399; x_wconf 73' lang='lat' dir='ltr'><strong>ttrerfficacc.</strong></span> 
     </span>
     <span class='ocr_line' id='line_1_42' title="bbox 93 3394 1017 3451; baseline -0.016 -10"><span class='ocrx_word' id='word_1_352' title='bbox 93 3400 200 3440; x_wconf 80' lang='lat' dir='ltr'><strong>deitome</strong></span> <span class='ocrx_word' id='word_1_353' title='bbox 229 3398 341 3440; x_wconf 70' lang='lat' dir='ltr'><strong>preneste.</strong></span> <span class='ocrx_word' id='word_1_354' title='bbox 358 3394 492 3445; x_wconf 66' lang='lat' dir='ltr'><strong>-Fidonia</strong></span> <span class='ocrx_word' id='word_1_355' title='bbox 506 3396 543 3438; x_wconf 66' lang='lat' dir='ltr'><strong>iii·</strong></span> <span class='ocrx_word' id='word_1_356' title='bbox 597 3405 617 3443; x_wconf 75' lang='lat' dir='ltr'><strong>o,</strong></span> <span class='ocrx_word' id='word_1_357' title='bbox 634 3398 732 3451; x_wconf 57' lang='lat' dir='ltr'><strong>rium,</strong></span> <span class='ocrx_word' id='word_1_358' title='bbox 751 3400 771 3443; x_wconf 58' lang='grc' dir='ltr'><strong>ιθ</strong></span> <span class='ocrx_word' id='word_1_359' title='bbox 787 3398 863 3448; x_wconf 62' lang='lat' dir='ltr'><strong>pum,</strong></span> <span class='ocrx_word' id='word_1_360' title='bbox 878 3394 1017 3441; x_wconf 54' lang='lat' dir='ltr'><strong>pompare„</strong></span> 
     </span>
     <span class='ocr_line' id='line_1_43' title="bbox 91 3446 1016 3504; baseline -0.003 -12"><span class='ocrx_word' id='word_1_361' title='bbox 91 3450 163 3493; x_wconf 76' lang='lat' dir='ltr'><strong>denes</strong></span> <span class='ocrx_word' id='word_1_362' title='bbox 175 3450 323 3504; x_wconf 70' lang='lat' dir='ltr'><strong>(aujourd&#39;bui</strong></span> <span class='ocrx_word' id='word_1_363' title='bbox 339 3446 543 3501; x_wconf 62' lang='lat' dir='ltr'><strong>scaramantico),</strong></span> <span class='ocrx_word' id='word_1_364' title='bbox 570 3462 600 3495; x_wconf 89' lang='lat' dir='ltr'><strong>un</strong></span> <span class='ocrx_word' id='word_1_365' title='bbox 618 3451 670 3495; x_wconf 79' lang='lat' dir='ltr'><strong>buln</strong></span> <span class='ocrx_word' id='word_1_366' title='bbox 690 3452 746 3495; x_wconf 80' lang='lat' dir='ltr'><strong>deus</strong></span> <span class='ocrx_word' id='word_1_367' title='bbox 764 3452 786 3495; x_wconf 86' lang='lat' dir='ltr'><strong>le</strong></span> <span class='ocrx_word' id='word_1_368' title='bbox 803 3451 910 3494; x_wconf 84' lang='lat' dir='ltr'><strong>Tibre.··</strong></span> <span class='ocrx_word' id='word_1_369' title='bbox 921 3447 1016 3493; x_wconf 67' lang='lat' dir='ltr'><strong>statim</strong></span> 
     </span>
     <span class='ocr_line' id='line_1_44' title="bbox 93 3500 1014 3562; baseline -0.007 -18"><span class='ocrx_word' id='word_1_370' title='bbox 93 3503 145 3562; x_wconf 74' lang='lat' dir='ltr'><strong>¹ville</strong></span> <span class='ocrx_word' id='word_1_371' title='bbox 155 3504 195 3546; x_wconf 79' lang='lat' dir='ltr'><strong>des</strong></span> <span class='ocrx_word' id='word_1_372' title='bbox 204 3504 295 3555; x_wconf 82' lang='lat' dir='ltr'><strong>sebius,</strong></span> <span class='ocrx_word' id='word_1_373' title='bbox 309 3501 380 3545; x_wconf 58' lang='lat' dir='ltr'><strong>rilinde</strong></span> <span class='ocrx_word' id='word_1_374' title='bbox 389 3512 428 3545; x_wconf 80' lang='lat' dir='ltr'><strong>sur</strong></span> <span class='ocrx_word' id='word_1_375' title='bbox 436 3500 457 3544; x_wconf 76' lang='lat' dir='ltr'><strong>le</strong></span> <span class='ocrx_word' id='word_1_376' title='bbox 466 3502 543 3555; x_wconf 66' lang='lat' dir='ltr'><strong>Tibia,</strong></span> <span class='ocrx_word' id='word_1_377' title='bbox 569 3505 656 3557; x_wconf 59' lang='grc' dir='ltr'><strong>ναμε</strong></span> <span class='ocrx_word' id='word_1_378' title='bbox 665 3511 716 3547; x_wconf 75' lang='grc' dir='ltr'><strong>ηοω</strong></span> <span class='ocrx_word' id='word_1_379' title='bbox 729 3513 738 3547; x_wconf 78' lang='lat'>1</span> <span class='ocrx_word' id='word_1_380' title='bbox 749 3515 775 3546; x_wconf 67' lang='lat' dir='ltr'><strong>au</strong></span> <span class='ocrx_word' id='word_1_381' title='bbox 787 3504 826 3546; x_wconf 71' lang='lat' dir='ltr'><strong>bas</strong></span> <span class='ocrx_word' id='word_1_382' title='bbox 836 3502 864 3545; x_wconf 74' lang='lat' dir='ltr'><strong>de</strong></span> <span class='ocrx_word' id='word_1_383' title='bbox 875 3503 896 3545; x_wconf 75' lang='lat' dir='ltr'><strong>ln</strong></span> <span class='ocrx_word' id='word_1_384' title='bbox 905 3512 960 3556; x_wconf 74' lang='lat' dir='ltr'><strong>page</strong></span> <span class='ocrx_word' id='word_1_385' title='bbox 967 3505 1014 3545; x_wconf 72' lang='lat'><strong>384.</strong></span> 
     </span>
     <span class='ocr_line' id='line_1_45' title="bbox 93 3554 1018 3609; baseline -0.009 -5"><span class='ocrx_word' id='word_1_386' title='bbox 93 3556 277 3599; x_wconf 71' lang='lat' dir='ltr'><strong>si&#39;emtoucnure</strong></span> <span class='ocrx_word' id='word_1_387' title='bbox 286 3555 314 3597; x_wconf 83' lang='lat' dir='ltr'><strong>de</strong></span> <span class='ocrx_word' id='word_1_388' title='bbox 323 3555 399 3597; x_wconf 78' lang='lat' dir='ltr'><strong>t’rnio.</strong></span> <span class='ocrx_word' id='word_1_389' title='bbox 599 3565 629 3601; x_wconf 86' lang='grc' dir='ltr'><strong>ιο.</strong></span> <span class='ocrx_word' id='word_1_390' title='bbox 644 3556 761 3600; x_wconf 68' lang='lat' dir='ltr'><strong>Laetetur</strong></span> <span class='ocrx_word' id='word_1_391' title='bbox 771 3555 849 3599; x_wconf 76' lang='lat' dir='ltr'><strong>Samos</strong></span> <span class='ocrx_word' id='word_1_392' title='bbox 864 3554 952 3609; x_wconf 72' lang='lat' dir='ltr'><strong>absens.</strong></span> <span class='ocrx_word' id='word_1_393' title='bbox 961 3564 1018 3598; x_wconf 82' lang='lat' dir='ltr'><strong>van·</strong></span> 
     </span>
     <span class='ocr_line' id='line_1_46' title="bbox 122 3607 860 3667; baseline -0.001 -13"><span class='ocrx_word' id='word_1_394' title='bbox 122 3616 142 3667; x_wconf 75' lang='lat'><strong>⁵:</strong></span> <span class='ocrx_word' id='word_1_395' title='bbox 155 3607 421 3664; x_wconf 80' lang='lat' dir='ltr'><strong>Vellem.isroudruis,ic</strong></span> <span class='ocrx_word' id='word_1_396' title='bbox 429 3607 544 3652; x_wconf 76' lang='lat' dir='ltr'><strong>consenti·</strong></span> <span class='ocrx_word' id='word_1_397' title='bbox 569 3614 619 3653; x_wconf 82' lang='lat' dir='ltr'><strong>tom</strong></span> <span class='ocrx_word' id='word_1_398' title='bbox 629 3608 860 3664; x_wconf 60' lang='lat' dir='ltr'><strong>annumerabor.</strong></span> 
     </span>
    </p>
   </div>
   <div class='ocr_carea' id='block_1_5' title="bbox 0 0 1198 4067">
    <p class='ocr_par' dir='ltr' id='par_1_16' title="bbox 0 0 1198 4067">
     <span class='ocr_line' id='line_1_47' title="bbox 0 0 1198 4067; baseline 0 0"><span class='ocrx_word' id='word_1_399' title='bbox 0 0 1198 4067; x_wconf 95' lang='lat' dir='ltr'><strong> </strong></span> 
     </span>
    </p>
   </div>
  </div>
 </body>
</html>
