2350 4067
209 283 268 346 tou
526 291 556 344 o.
580 289 698 336 nostru
717 287 816 334 rmucr

211 405 234 468 ὓ
247 421 376 485 mugnus
388 404 514 484 posthoc
526 403 660 465 inimicis
673 401 767 464 risus!
785 401 900 464 Uterue

211 492 256 559 Ad
269 511 357 554 casus
371 493 481 555 dubios
494 492 569 555 fidet
583 491 639 553 sibi
656 490 790 554 certius?
803 491 855 553 hio
868 491 921 572 qui

209 579 352 642 Pluribus
368 580 512 642 assuerit¹
526 586 664 642 mentem
679 597 853 658 corpusque
869 579 1056 660 superbum,

208 669 254 730 An
270 669 339 748 qui,
356 676 521 731 contentus
535 685 628 750 parvo
642 675 847 748 metuensque
859 667 974 743 futuri,
1099 690 1124 728 ιιι

208 755 245 819 ln
258 775 346 837 pace,
364 765 398 817 ut
412 757 550 836 sapiens,
566 757 676 838 opterit
689 756 798 819 idonea
812 754 916 817 bello?

248 842 318 920 Quo
332 848 427 924 mugts
436 846 482 908 his
491 846 624 920 credus¹‚
640 864 718 928 puer
727 846 876 925 hunoego
884 863 997 926 pervus
1009 844 1128 906 Ot‘ettnrn

208 935 336 1012 Integris
349 934 460 1014 opibus'
474 934 545 996 novi
559 953 624 997 non
638 933 729 996 letius
742 951 835 996 usum
925 945 928 950 “

209 1019 306 1098 Quum
322 1041 407 1086 nuuc
420 1021 553 1086 ucoisis¹.
569 1021 678 1084 Videas
692 1022 824 1083 metato*
839 1023 872 1082 in
885 1022 983 1100 agello

209 1109 286 1173 Cum
300 1130 411 1192 pecore
424 1120 456 1172 et
468 1111 546 1172 natis
560 1109 671 1174 fortem
686 1111 831 1172 mercede
845 1110 1020 1184 colonum⁵‚
1098 1133 1126 1170 ιιι

212 1227 226 1254 ι
238 1197 305 1261 Νοιι
319 1218 386 1280 ego,
403 1207 595 1275 nauantem,
614 1199 750 1261 temere⁸
764 1199 813 1260 edi
826 1199 895 1261 luce
910 1199 1045 1279 profesta

150 1343 153 1346 ,
209 1285 399 1370 Quidquam,
417 1295 527 1369 praeter
539 1287 608 1350 olus
621 1285 751 1349 tumosae
765 1305 837 1349 curn
852 1287 930 1368 pede
946 1307 1063 1369 pernae.

207 1378 252 1438 Ac
264 1376 355 1450 mihi,
372 1395 427 1439 seu
442 1376 571 1457 longum
584 1383 654 1456 post
666 1377 806 1456 tempus⁷
822 1385 947 1437 venerat
959 1377 1081 1458 hospes,

208 1463 276 1527 Sive
289 1483 419 1546 operum
433 1483 529 1528 vacuo
542 1472 647 1545 gratus
661 1464 785 1526 convive
800 1483 854 1545 per
869 1465 1004 1525 imbrem

208 1551 348 1628 Vicinus,
364 1553 444 1615 bene
457 1552 553 1627 erut⁸,
569 1570 632 1613 nou
647 1551 782 1632 piscibus
798 1552 875 1616 urbe
889 1553 1007 1633 petitis,
1097 1575 1127 1612 ιιι

208 1638 267 1702 Sed
283 1641 367 1720 pullo
381 1647 473 1721 atque
486 1640 593 1716 hoedo;
609 1649 676 1703 tum
689 1640 816 1721 pensilis
832 1642 908 1710 ιιιιιιο
920 1640 1071 1704 secundus

208 1727 246 1791 Et
258 1746 322 1789 nux
334 1729 461 1791 ornabat
474 1748 594 1791 mensas
608 1748 681 1792 cum
694 1730 817 1809 duplice
830 1731 891 1800 ficu
900 1731 930 1792 ¹⁰.

209 1815 278 1878 Post
292 1817 351 1879 hoc
364 1817 457 1882 ludus
472 1828 537 1879 erat
551 1819 642 1898 culpo
657 1825 761 1897 potere
777 1819 920 1897 magistre
926 1821 956 1893 ¹¹,
1018 1836 1022 1840 ·

207 1905 251 1967 Ac
263 1913 403 1966 venerata
418 1904 508 1967 Ceres
523 1907 579 1980 (ita
594 1907 698 1968 culmo
712 1916 850 1986 surgeret
865 1907 961 1984 ulto¹²)

207 1992 386 2074 Explicuit¹⁸
398 1994 470 2056 vino
484 2002 647 2056 contracte
664 1996 742 2055 serie
756 1996 873 2056 frontis.
916 2042 919 2047 .
1090 1967 1129 2056 os

209 2081 329 2159 Sevius,
345 2089 437 2164 etque
453 2097 549 2146 novos
563 2089 684 2144 movent
698 2081 831 2145 Fortuna
846 2083 1016 2159 tumultus,

237 2244 255 2280 t.
276 2235 385 2280 Pluribus
394 2235 506 2288 assuerit,
516 2247 570 2279 eura
578 2247 660 2279 occou·
689 2234 772 2278 tendant
779 2234 819 2279 des
828 2236 842 2278 fi
858 2248 905 2288 ues,
916 2247 945 2278 ou
955 2237 990 2278 tes
999 2236 1076 2280 uollstt
1083 2236 1131 2278 deux

210 2288 270 2332 tumd
277 2290 290 2331 t
298 2290 348 2350 plus
357 2291 385 2332 de
391 2290 479 2341 choses,
487 2301 540 2332 oure
549 2289 600 2332 erte
610 2291 659 2345 ptus
685 2289 769 2338 ddeux,
778 2295 800 2331 et
806 2300 835 2332 on
843 2248 876 2332 fes
886 2292 1011 2332 conservait
1018 2291 1076 2332 ainsi
1084 2291 1131 2332 dms

210 2343 367 2386 debesomst.
687 2342 727 2384 dee
739 2343 830 2386 coisses.

234 2402 255 2438 2.
271 2396 403 2450 Quomaqts
418 2395 660 2448 decrementoque
715 2402 747 2438 ιι.
763 2395 834 2448 Cutpd
843 2394 1056 2450 potaremuqr'strd.
1074 2394 1131 2438 ordi-

209 2454 233 2492 ιιι
241 2451 314 2492 croies
323 2449 395 2492 miens
405 2449 418 2490 d
429 2459 476 2491 mes
486 2449 581 2503 pordes,
591 2447 659 2491 dest·
687 2448 823 2496 uuirement.
838 2448 892 2490 eheu
907 2448 941 2490 les
954 2450 1062 2502 enciens,
1072 2461 1098 2491 on
1109 2459 1131 2490 ue

208 2501 283 2545 t-dire
299 2503 457 2555 pourechever
472 2503 500 2544 de
516 2507 538 2544 te
552 2502 659 2543 convain-
685 2501 829 2556 commenqeit
844 2501 857 2541 d
871 2501 932 2542 boire
950 2503 1003 2562 qu'd
1021 2502 1043 2544 ln
1065 2503 1093 2545 dn
1108 2501 1132 2543 du

210 2566 257 2652 “32
266 2556 489 2663 εἷῦοέῗιὲιῗῗᾶξιιόοιι,
499 2604 632 2648 diminutes.
686 2564 760 2668 ἓξὲξ
770 2558 810 2648 ld?
818 2553 1082 2668 aerzglildgefflmtlgezloirlss
1090 2567 1133 2650 Ἓξ

235 2666 257 2705 t.
272 2660 363 2713 dictato,
373 2660 517 2712 mesuresptr
524 2658 660 2720 l’urpelnteur
687 2669 766 2710 vetent,
777 2670 816 2714 pur
824 2658 932 2713 exempte,
941 2617 1004 2702 ufer
1015 2662 1066 2704 teur
1074 2671 1134 2716 rsouqe

209 2714 284 2770 public
299 2726 355 2769 pour
368 2713 460 2756 derentr
474 2713 497 2755 lo
512 2711 622 2766 propnett
631 2713 660 2754 du
687 2711 736 2753 d’un
750 2710 1038 2766 truitjusqu’ttledernidre
1052 2721 1132 2768 goutte:

210 2767 300 2812 veterno
310 2766 454 2818 Umbrenus).
685 2765 741 2806 cetui
751 2766 788 2818 qui
798 2764 852 2807 ocu
865 2776 891 2805 en
907 2763 967 2807 tante
981 2766 1038 2809 ttait
1052 2767 1134 2810 tenude

237 2827 257 2864 5.
274 2819 372 2864 Mercede
391 2819 511 2873 colonum,
529 2818 660 2861 cultivatcur
686 2817 748 2860 boire
758 2830 787 2859 un
803 2828 859 2880 eoup
872 2817 926 2860 hors
939 2819 967 2860 de
984 2831 1026 2861 son
1046 2826 1134 2874 tecnon

210 2874 355 2915 mereeneire.
685 2872 749 2925 guise
760 2871 788 2913 de
798 2871 907 2925 pumtion.
922 2873 951 2912 Lu
965 2871 1026 2914 toute
1044 2874 1134 2926 rempu-

239 2931 259 2968 o.
275 2925 434 2968 construisez:
450 2923 591 2970 Narrantcm
607 2923 617 2976 (
624 2923 660 2966 di·
686 2924 729 2978 qatt
738 2925 796 2966 donc
811 2935 838 2966 en
849 2923 945 2978 quelque
958 2931 1021 2967 sorte
1035 2927 1058 2969 te
1071 2929 1101 2969 roi
1112 2926 1134 2966 do

211 2980 273 3029 utut)
283 2995 289 3020 ε
300 2994 312 3016 ιι
323 2978 375 3022 Non
383 2989 431 3032 eqo,
441 2985 482 3020 ete.
491 2993 502 3014 n
513 2999 538 3008 -
548 2975 660 3028 doceret
688 2976 752 3018 tostin
762 2977 888 3030 (moqt'stsr,
899 2987 926 3018 ou
944 2987 998 3030 reu,
1016 2990 1046 3020 ou
1056 2980 1130 3022 arbiter

210 3037 259 3073 tout
267 3041 355 3084 pronos,
365 3030 472 3084 tetraque
481 3031 572 3073 instent.
687 3029 792 3074 bibendi).
802 3029 951 3084 L'Atleuregne
961 3031 1094 3074 econserue
1102 3032 1135 3073 des

238 3089 258 3126 t.
275 3084 382 3135 Lonqum
403 3087 453 3144 post
475 3087 575 3136 tempus,
596 3082 660 3136 eorde
687 3087 758 3124 traces
768 3083 796 3124 de
804 3089 839 3125 eet
848 3084 925 3126 ancien
938 3095 1012 3137 usage.

210 3137 346 3190 longumque,
355 3147 397 3188 que
406 3146 429 3188 Je
437 3136 520 3178 n’eteis
531 3148 570 3190 pes
580 3147 609 3178 ru
619 3136 661 3179 de·
715 3143 747 3179 tt.
757 3135 970 3188 tuasne-qouniam
981 3137 1078 3202 put-elle
1087 3134 1136 3178 erut·

211 3191 261 3248 pute
270 3189 401 3240 tongtemps.
687 3194 732 3238 tre,
742 3199 769 3230 en
782 3189 804 3231 le
814 3189 887 3284 qrient
901 3189 928 3230 de
942 3199 1025 3232 croure
1034 3220 1041 3243 ‚
1050 3190 1079 3232 de
1089 3189 1137 3231 seire

239 3249 260 3286 8.
274 3239 332 3284 Beue
349 3243 407 3290 erut,
418 3250 474 3282 nous
484 3253 541 3283 nous
549 3241 660 3284 dounions
686 3242 766 3284 crottre
776 3243 808 3284 les
832 3241 873 3284 les.
882 3245 911 3284 ce
921 3248 973 3283 sont
983 3242 1017 3284 tes
1026 3254 1091 3284 voeux
1099 3251 1137 3294 que

212 3295 242 3338 du
252 3295 297 3335 bon
315 3299 394 3354 temps,
406 3304 463 3334 uuus
474 3305 531 3335 nous
540 3295 660 3350 rtgottons.
688 3293 790 3337 teisaient
807 3294 840 3337 les
860 3295 1004 3338 cultivateurs
1028 3295 1126 3348 lorsqu'tt

239 3353 259 3390 t.
275 3345 374 3389 Peneius
388 3357 440 3387 uuo.
452 3347 483 3387 ou
500 3358 606 3390 conserve
621 3348 660 3390 des
687 3347 783 3389 sidetem
796 3348 836 3390 des
850 3359 931 3401 coupes
943 3357 970 3389 en
983 3347 1105 3390 t'honneur
1113 3347 1137 3387 de

212 3401 295 3442 misius
311 3399 410 3455 pendunt
430 3407 475 3440 tout
490 3399 569 3443 l'tduer
583 3411 611 3443 en
627 3401 660 3444 les
687 3400 765 3450 certe,
775 3405 797 3443 et
810 3399 845 3442 ita
853 3407 888 3443 est
897 3399 992 3454 expletis
1006 3412 1095 3443 comme
1109 3401 1136 3442 sit

213 3451 350 3509 suspendunt
357 3464 386 3495 en
396 3451 491 3506 ptafood.
686 3453 735 3496 l'est
749 3461 843 3495 souvent
855 3453 911 3495 dans
921 3454 954 3496 tes
964 3453 1108 3498 inuocatione
1118 3457 1137 3494 et

240 3503 661 3556 ro.seceooamerom,·tessoenuser-
685 3508 719 3550 les
729 3505 822 3558 oneres.

213 3558 397 3610 viceledessert.
408 3562 439 3601 οιι
447 3558 595 3611 ehaneuttde
604 3559 660 3602 table
714 3563 746 3604 tt.
762 3559 796 3602 ltu
815 3557 880 3602 tioutt
929 3557 991 3602 trent
1000 3559 1013 3601 t
1023 3558 1137 3614 explicere

213 3609 617 3664 donaqueserdoe.-Doptt'cedeu.
628 3615 659 3654 dn
686 3610 778 3654 solebat.
795 3570 825 3655 te
846 3611 927 3663 partus
943 3611 1000 3653 latin
1025 3610 1139 3664 s’emuloto
