2350 4067
324 262 485 310 sirrnrunu
505 264 591 310 cicun
611 265 633 312 r.
661 255 705 311 10.
908 255 965 318 253

27 370 30 376 ’
49 376 222 443 Ambitione
236 376 379 456 relegata¹
392 382 422 439 te
436 376 537 439 dicere
551 396 689 459 possum,

46 466 155 539 Pollio,
172 471 213 540 te,
229 463 367 536 Messala,
383 471 518 527 tuocum
532 466 653 541 frutre’,
669 465 822 546 simulque
941 491 965 532 ³5

47 558 120 633 Vos»,
138 553 246 617 Bibule
256 560 287 615 et
302 552 410 630 Servi⁸‚
426 551 518 615 simul
529 553 576 614 his
587 561 629 629 te,
645 552 772 614 candide
786 553 905 630 Furni⁴‚

44 645 229 725 Complures
242 643 326 717 ulios,
343 641 449 704 doctos
461 659 518 721 ego
533 660 611 722 quos
626 649 656 703 et
670 642 786 704 amicos

44 733 204 798 Prudeus‘
215 738 380 811 procerem
397 729 597 811 quibushaec,
618 730 945 813 suntqualiecurnquc,

43 821 193 884 irridere
205 819 307 895 velim,
321 818 472 883 doliturus
485 817 511 879 si
522 819 663 900 placeant
673 837 726 900 spe

44 908 189 973 Deteriirs
202 909 315 972 nostrl.
331 906 474 982 Demetri,
486 913 593 988 teque,
608 906 723 988 Tigelli,
941 932 967 972 uo

42 995 271 1078 Discipularum
285 994 365 1055 inter
376 994 472 1074 jubeo
485 994 621 1076 plorare⁶
635 995 802 1058 cathedras.

82 1082 112 1159 I,
128 1100 217 1165 puer,
232 1088 323 1162 atque
338 1098 408 1144 meo
421 1081 499 1146 citus
512 1082 578 1146 haec
588 1081 745 1144 subscribe
757 1079 887 1144 libello⁷.

41 1234 221 1292 l‘llrgumenlde
230 1232 292 1276 l’0do
299 1243 341 1277 xix
348 1233 378 1276 du
385 1233 439 1276 livre
449 1236 492 1276 1.-
504 1239 508 1308 l
520 1233 587 1285 time,
611 1235 649 1290 qui
672 1234 785 1276 embrussu
798 1232 888 1276 d'abord
905 1245 967 1276 assez

44 1291 171 1336 Viscorum
186 1291 288 1342 utaque.
304 1289 357 1339 vor.
373 1287 493 1334 lanciunt
519 1285 968 1381 cbuudementlogerrid'nntoinc,puisao

40 1345 72 1387 de
83 1343 106 1384 la
117 1344 227 1395 eugerii.
519 1340 637 1383 reconcilia
646 1340 694 1382 sinc
708 1343 794 1382 rement
803 1348 855 1381 arec
864 1341 948 1382 Octavo.

73 1406 93 1440 1.
117 1391 246 1438 Ambitione
262 1392 378 1446 relcuom,
401 1391 494 1438 ballene
547 1399 566 1436 a.
576 1391 687 1445 Prudens,
697 1391 718 1434 le
727 1391 824 1442 sacham,
835 1392 968 1436 c'est-buire

39 1450 104 1492 mise
114 1448 127 1488 b
152 1453 193 1497 art,
203 1457 256 1487 sans
265 1445 366 1488 flattcrie.
520 1445 534 1487 b
543 1445 641 1494 dessein,
652 1452 674 1487 ct
684 1455 726 1487 non
736 1455 776 1498 por
785 1444 853 1487 oubll.

72 1509 95 1545 2.
136 1499 222 1547 nmio,
238 1503 277 1540 too
286 1509 340 1542 cum
350 1497 431 1554 (rotro.
438 1501 492 1550 loy.
547 1503 567 1541 c.
576 1497 680 1548 Plorat-c,
691 1498 785 1552 pleurer,
794 1497 968 1540 c’estbdirere'·

39 1557 66 1598 lo
75 1558 132 1596 note
142 1556 166 1596 ri
173 1551 200 1594 de
209 1552 230 1594 le
239 1555 348 1604 ungeris.
519 1550 575 1592 citer
584 1561 612 1593 ou
625 1549 718 1592 chanter
725 1549 776 1593 d'un
789 1555 828 1592 ton
838 1551 967 1604 lai-moyam.

72 1613 96 1652 3.
111 1603 203 1648 Bibule.
212 1607 244 1647 οι]
253 1604 309 1646 croit
317 1604 368 1658 qu¹il
378 1609 413 1646 est
425 1613 494 1656 quos·
521 1602 644 1646 Demetrius
653 1609 676 1646 et
683 1603 789 1656 Tigellius
798 1603 918 1646 donncieut
928 1603 967 1646 des

39 1662 94 1704 tion
112 1657 164 1700 d'un
183 1657 218 1698 fils
234 1655 262 1698 dc
278 1667 304 1698 co
318 1660 346 1700 ll.
364 1655 494 1708 calpurnius
521 1656 596 1710 leoena
606 1656 633 1697 de
642 1655 738 1698 chartei
747 1655 775 1699 de
784 1655 897 1698 recitaticn
912 1657 967 1698 dans

38 1711 145 1764 Bibulus,
154 1711 191 1762 qui
202 1709 235 1752 int
243 1710 382 1751 consulares
391 1707 457 1751 Οόειι·
466 1719 493 1750 en
521 1709 555 1750 les
563 1708 636 1751 eccles
645 1709 673 1750 de
683 1709 747 1752 lllles.
759 1732 781 1740 -
792 1708 862 1754 Iubeo
876 1708 968 1762 plorare

38 1773 94 1810 695.
107 1786 132 1794 -
149 1761 219 1805 Serri.
239 1764 294 1803 Sans
304 1761 369 1804 doute
385 1761 406 1803 le
421 1762 456 1804 llis
465 1760 494 1804 du
521 1761 629 1804 lormaun
644 1762 680 1814 jeu
693 1761 721 1804 de
736 1769 801 1805 mols.
817 1765 848 1806 lin
863 1772 915 1815 grec
922 1766 942 1804 tl

37 1815 205 1872 jurisconsulto
211 1813 494 1867 serviussulptciusnutuc
521 1815 644 1868 σοιοῑμὼζιιν
652 1815 738 1876 signille
747 1826 776 1857 uc
784 1815 828 1858 ten
843 1826 874 1856 uu
883 1779 968 1857 diablo?

37 1884 69 1918 ce
84 1872 124 1914 tils
139 1868 173 1912 lut
187 1868 261 1910 tribur
275 1867 305 1910 du
318 1867 394 1922 peuple
409 1879 437 1909 en
447 1873 493 1910 rou.
549 1875 570 1912 t.
585 1867 705 1910 Subscrabc
717 1867 883 1922 libellc,ajoure
893 1867 905 1908 a
914 1877 965 1910 ruoc

70 1930 93 1968 i.
110 1921 199 1968 runs.
214 1920 318 1970 Furnius,
333 1921 440 1964 historico
456 1931 493 1962 ec-
521 1920 604 1974 cahier,
616 1921 687 1962 ernon
698 1920 787 1962 recueil.
