2350 4067
520 270 526 282 ⁴

184 278 244 344 3:36
502 294 531 346 o.
554 293 670 341 uouuru
692 289 797 388 ιιιιοιιΙ

184 410 319 486 Dignum
333 406 482 488 preestubo
494 426 546 470 mc
558 408 650 469 etiam
664 426 720 489 pro
731 409 822 470 laude
834 411 1010 473 merentis¹.

184 497 273 574 Quod
282 497 306 559 si
318 515 369 558 me
383 497 469 559 noles
483 516 612 577 usquam
628 497 795 570 discedere,
815 497 923 561 reddes
1088 513 1119 568 ‘23

185 583 273 648 Forte
284 586 371 657 lctus,
385 585 488 665 nigros
501 586 643 664 anguste*
656 585 753 648 ironic
763 587 896 667 capillos,

186 672 303 736 Reddes
312 675 402 737 dulce
415 673 511 755 loqui,
527 673 637 735 reddes
653 673 751 735 ridere
765 675 921 737 decorum.

224 762 327 825 Forte⁸
341 781 397 844 per
410 769 569 842 augustam
584 762 685 823 tenuis
698 762 859 843 vulpecula
874 765 984 826 nimum

185 851 330 933 Repseret
343 852 373 912 in
383 868 539 913 cumeram
554 848 710 922 frumenti,
722 857 866 931 pastuque
878 869 986 914 rursus
1023 923 1026 927 ¹

184 938 233 1001 lre
244 940 321 1002 iores
335 939 427 1019 pleno
442 939 586 1001 tendebat
602 956 731 1018 corpore
740 937 861 1000 frustrit.
1091 963 1119 1004 so

185 1027 241 1090 Cui
253 1027 383 1090 mustela
395 1027 525 1108 procul:
542 1051 554 1081 ι
567 1026 599 1087 Si
610 1026 664 1100 vis,
680 1026 732 1099 uit,
748 1027 881 1107 effugere
895 1027 996 1100 istinc,

184 1114 283 1179 Macra
298 1133 406 1178 cavum
420 1123 539 1195 repetes
549 1121 669 1176 erctum
684 1133 778 1195 quern
792 1132 894 1178 mucro
907 1116 1027 1178 subisti.
1045 1143 1059 1168 u

184 1203 248 1266 Hac
260 1223 317 1285 ego
328 1205 352 1267 si
366 1204 535 1285 compellor
542 1203 696 1282 imagine,
713 1211 824 1266 cuncte
837 1204 958 1283 resigno
970 1226 977 1278 3

184 1289 247 1356 Neo
260 1311 405 1356 somnum
416 1291 512 1374 plebis
521 1291 613 1353 laudo
626 1298 710 1352 satur
723 1292 877 1368 altilium⁸‚
894 1310 953 1354 uec

185 1379 254 1444 Otia
267 1382 375 1445 divitiis
388 1381 540 1443 Arabum‘
553 1379 708 1441 liberrima
723 1391 822 1445 muto.
1090 1407 1114 1446 ss

184 1469 271 1553 Saepe
283 1471 491 1534 verecundum
505 1470 661 1543 laudtsti⁷3
678 1488 795 1551 rexque
808 1479 957 1552 paterque

184 1559 303 1621 Audisti
317 1561 431 1631 ocrim,
447 1576 506 1620 nec
517 1557 610 1620 verbo
623 1556 744 1637 parcius
754 1557 897 1621 absens⁸:

185 1645 319 1726 luspice⁰
331 1646 356 1706 si
370 1663 496 1726 possum
509 1645 622 1706 donata
635 1661 783 1724 reponere
798 1645 893 1707 letus.

185 1731 274 1795 Haud
286 1733 364 1794 male
377 1732 609 1806 telemachum,
624 1733 724 1814 proles
736 1736 878 1816 potientis
893 1733 1028 1816 Ulyssei:

188 1850 201 1878 ι
215 1821 282 1886 Νοιι
296 1829 342 1885 est
354 1830 444 1903 optus
457 1822 544 1904 equis
558 1821 660 1885 lthace
671 1824 766 1899 locus,
783 1832 818 1887 ut
831 1843 933 1906 neque
946 1825 1046 1905 plenis
1089 1849 1114 1885 ιι

186 1973 228 2016 salt
234 1971 373 2016 recounultre
380 1973 398 2016 si
408 1973 431 2015 lu
439 1979 503 2016 rertn
512 1979 546 2016 est
553 1973 580 2016 de
588 1974 632 2017 hon
686 1981 707 2020 i.
723 1974 805 2020 Hoc...
817 1976 926 2030 tmaptne,
937 1975 1000 2018 sicet
1009 1976 1109 2030 exemplo

185 2037 213 2068 ou
222 2026 249 2070 de
258 2027 357 2069 meuvuic
367 2027 419 2078 eloi,
428 2033 451 2068 et
461 2037 490 2068 ne
500 2027 583 2082 re'peud
594 2040 633 2082 pus
661 2027 771 2071 s'edrcsse
783 2031 861 2082 eruci,
871 2029 891 2071 ei
906 2035 964 2072 cette
974 2027 1035 2072 isblo
1051 2028 1111 2082 εἰρ-

185 2079 528 2134 eveuglementsesbieniults.-
536 2087 565 2123 nu
573 2081 634 2122 tuen·
659 2081 734 2135 piique
743 2082 756 2123 lt
767 2081 819 2135 moi,
828 2082 967 2125 o’cst-t-dire
977 2083 997 2123 si
1006 2093 1064 2136 pour
1073 2093 1112 2123 re·

184 2138 219 2175 tre
228 2134 330 2176 etmdme
339 2137 365 2176 tu
373 2133 454 2186 J'eu,ou
464 2134 590 2188 complacuit
600 2135 633 2175 les
659 2134 750 2176 devenir
764 2134 820 2177 libre
833 2135 848 2176 il
864 2135 963 2187 seritque
978 2135 1002 2187 ie
1017 2145 1055 2177 mc
1068 2134 1111 2177 de'-

184 2186 258 2239 pidces
273 2188 301 2229 do
315 2187 419 2229 monueie
433 2197 473 2241 pur
488 2186 528 2228 des
543 2188 633 2242 lupius,
659 2187 741 2241 pouillc
751 2188 779 2230 de
788 2199 812 2229 ce
821 2188 909 2240 quej'ei
918 2199 978 2242 recu.

184 2239 221 2292 qui
232 2241 330 2283 tendent
339 2240 385 2283 lieu
394 2240 422 2282 de
431 2250 470 2281 nos
478 2238 561 2289 ietuns.
687 2247 706 2283 ⁵.
727 2239 773 2284 Nec
788 2251 928 2284 somnum...
946 2239 1070 2290 altilium,
1085 2250 1112 2282 cn

212 2292 389 2346 1.l)r'pncm....
408 2292 530 2340 merentis,
551 2292 574 2344 je
597 2302 632 2334 ine
659 2291 717 2335 n'est
733 2291 1020 2354 pesquundjesulsgorgd
1034 2293 1109 2334 devo

183 2347 304 2388 montrerti
313 2345 380 2408 digne
389 2345 583 2396 (nou-seulement
592 2343 632 2387 des
659 2345 730 2388 leilles
739 2357 782 2399 que
791 2356 815 2397 ιε
823 2351 899 2388 trouve
907 2346 1007 2388 heureur
1016 2345 1039 2387 le
1048 2356 1097 2387 eoru

210 2397 295 2445 decute)
304 2409 360 2441 mers
373 2397 413 2440 dee
421 2398 528 2451 louenges
539 2398 570 2438 de.
580 2408 631 2438 mon
659 2398 710 2440 rncil
717 2398 745 2440 du
755 2399 842 2451 ponpis,
851 2397 986 2440 desti-dire
991 2399 1014 2448 je
1021 2409 1052 2440 ue
1060 2398 1104 2440 suli

207 2451 324 2502 euluiteur‚
332 2451 355 2504 je
362 2462 391 2493 ne
398 2461 453 2492 veux
460 2461 500 2503 pes
510 2451 633 2492 seulement
660 2462 698 2504 pas
709 2450 736 2493 de
745 2461 801 2493 ceux
810 2451 857 2504 qui,
867 2462 895 2492 au
910 2451 987 2492 milieu
1003 2450 1044 2491 des
1054 2451 1098 2504 piei

142 2521 144 2523 >
184 2501 249 2555 qu’ou
257 2515 293 2546 me
299 2505 380 2552 donne.
388 2505 410 2556 ie
417 2513 473 2546 veux
479 2513 559 2546 encore
581 2502 631 2545 u’ou
659 2505 703 2545 sirs
712 2503 771 2546 etde
782 2505 802 2545 lu
811 2504 885 2546 bonne
894 2503 968 2555 chere,
976 2507 1071 2545 tentent
1079 2503 1110 2545 du

184 2554 449 2610 merome-Deposui
465 2567 507 2610 pro
523 2557 563 2598 too
604 2566 631 2597 eu
659 2556 760 2599 boutdes
777 2557 850 2599 ituree
866 2558 886 2598 le
900 2556 1000 2598 horrueur
1015 2556 1046 2598 du
1084 2567 1112 2598 u-

184 2606 229 2650 lieu
238 2607 267 2652 de
275 2608 373 2665 dippum
383 2608 521 2659 loude,n’est
530 2619 570 2662 pas
578 2619 632 2650 scus
658 2609 704 2663 ple;
716 2608 792 2662 quand
805 2610 849 2662 j'en
860 2610 934 2662 paule,
950 2607 1005 2652 o’est
1014 2609 1045 2651 du
1064 2609 1111 2652 oud

184 2662 291 2716 exemplet
303 2663 397 2706 incuce
407 2673 413 2704 :
424 2661 528 2713 Dipsium
538 2671 632 2702 carmen
658 2664 687 2705 du
697 2671 766 2704 coeur.

184 2724 314 2766 promum
324 2713 449 2767 majestate.
460 2713 552 2756 ciceron
560 2725 567 2755 t
575 2711 633 2765 Quia
684 2721 705 2758 o.
714 2715 822 2757 Arabum.
833 2713 962 2767 li’opulence
971 2713 999 2756 de
1011 2714 1112 2758 iurante

183 2776 225 2830 pro
233 2766 391 2822 mopcitudioe
399 2777 474 2810 rerum
485 2764 580 2820 dippum
588 2765 633 2808 elo-
658 2765 796 2821 eteitpusse'e
805 2778 833 2810 eu
841 2767 1010 2820 proventuvcy.
1018 2767 1110 2822 odaei,

185 2819 361 2926 qulpfrz'pffid.
370 2870 437 2915 dtroit
447 2872 471 2921 (d
480 2869 583 2915 cencede
594 2870 631 2932 l'e-
658 2823 988 2916 n'il.v’l'¹e'rggtmd³rxcul'at¹tddsti
994 2902 1001 2926 ‚
1018 2877 1043 2914 tu
1053 2872 1112 2916 m'ee

185 2922 298 2969 bundance
307 2926 346 2969 des
355 2928 474 2974 coercui).
484 2925 501 2966 ll
518 2923 564 2966 lent
580 2924 630 2966 luen
658 2924 708 2968 loue
719 2926 747 2967 de
756 2936 793 2968 rue
802 2924 898 2968 reserve.

186 2976 260 3019 euirrc
274 2978 296 3020 le
313 2979 401 3021 marche
417 2979 457 3020 des
473 2979 549 3019 idees:
562 2979 594 3017 'ru
606 2987 631 3018 es
684 2984 705 3022 e.
720 2977 799 3022 lien...
818 2977 903 3020 audisti
918 2977 1011 3026 eosdm.
1032 2983 1058 3020 tu
1082 2989 1111 3021 es

185 3029 632 3082 niunMentanour,ltc'cene,1elerecon·
657 3032 754 3073 entendu
771 3042 800 3073 en
820 3031 866 3074 luce
882 3031 988 3072 lesnorus
998 3030 1025 3073 de
1040 3031 1076 3074 rol
1086 3039 1112 3074 et

186 3081 632 3135 nnis.etievoudraistuujouretepluire;
658 3084 685 3126 dc
702 3085 767 3138 pcre‚
784 3081 922 3126 cust-edire
935 3083 958 3136 je
974 3082 1011 3125 ιἰιί
1027 3083 1109 3138 appele

186 3134 286 3176 maiorne
300 3135 364 3178 seute'
374 3147 446 3178 neme
459 3141 544 3189 petinet
557 3133 632 3187 peede
658 3147 710 3178 ruon
725 3136 757 3179 rol
767 3142 789 3179 et
803 3148 851 3178 ruon
865 3136 925 3189 perc.
937 3157 965 3168 -
974 3135 1057 3179 Nec...
1067 3135 1110 3178 ult-

186 3194 258 3229 rester
277 3189 375 3238 toujours
390 3190 403 3229 d
420 3192 487 3230 Rome
508 3187 589 3240 nuptos
605 3187 632 3230 dc
657 3200 719 3240 scos,
731 3195 754 3231 et
769 3189 847 3232 absent
861 3193 884 3230 tu
901 3188 948 3230 u'us
961 3200 1001 3250 pes
1016 3189 1109 3244 repudc

185 3241 214 3282 toi
236 3256 242 3282 z
263 3240 284 3283 sl
301 3239 391 3283 tum’es
409 3240 500 3282 accorde
519 3250 552 3282 tes
568 3241 631 3282 bien·
657 3241 1109 3294 rnoindresnoms,c·'cstit-drreetmeme

184 3291 236 3334 luite
253 3305 310 3347 pour
325 3292 385 3335 uroir
400 3303 428 3352 en
442 3291 540 3346 §change
555 3305 591 3335 rnu
603 3292 632 3334 li·
657 3293 710 3336 hors
720 3293 747 3337 dc
760 3301 781 3336 tu
791 3294 897 3348 presence
909 3294 932 3346 je
948 3305 977 3336 ne
992 3294 1055 3349 pule
1067 3307 1109 3349 pue

184 3343 258 3396 bend,
272 3345 429 3398 letereudruu
444 3356 469 3388 ce
501 3357 528 3387 ue
545 3343 632 3388 tum'es
657 3347 865 3390 eutr-ementdetoi.

184 3396 259 3441 donne
274 3405 297 3441 et
311 3397 464 3443 rederiendrei
479 3398 495 3439 li
511 3409 536 3440 re
552 3398 580 3440 de
596 3409 633 3440 ιιιι
684 3405 704 3442 9.
719 3399 819 3453 Inspice,
828 3401 888 3453 vois,
898 3399 999 3454 regardo,
1009 3399 1109 3445 o'est-l·

184 3461 304 3502 personne.
535 3499 540 3510 ,
657 3452 706 3495 dire
714 3463 764 3494 esse
778 3463 806 3505 e,
816 3451 920 3506 eproure.

211 3510 231 3548 t.
248 3504 327 3553 Forte,
343 3509 387 3546 etc.
405 3506 457 3555 toy.
475 3503 578 3552 lichnus,
597 3501 631 3544 te·
686 3513 718 3549 ro.
737 3503 763 3547 Te
774 3505 887 3549 omacius.
898 3504 1108 3562 vonodyctniv,

185 3553 221 3598 blo
230 3567 324 3609 cxxxvi,
334 3561 358 3600 et
367 3555 508 3599 tchrrtuinc
529 3555 584 3598 livre
594 3558 631 3609 ill,
657 3563 704 3602 tor.
719 3554 852 3613 Telc'nreque
865 3557 941 3602 refusa
955 3560 989 3604 les
1005 3559 1108 3604 cheren

185 3604 309 3653 tablexru.
658 3609 740 3662 quelui
749 3610 934 3657 contuentia.
