2350 4067
181 269 242 331 312
368 253 370 265 ’
499 282 529 337 Q.
553 280 670 334 nourrii
690 283 788 332 resecr

182 398 338 476 Quantum
351 415 414 460 non
427 397 536 479 Aquilo
548 397 709 481 Campanis
718 400 827 462 excitat
841 400 930 481 agris.

179 484 252 562 Nos,
268 486 366 567 majus
379 485 475 562 veriti,
492 493 653 568 postquam
664 487 739 548 nihil
754 505 819 550 esse
833 486 938 568 pericli

181 571 348 650 Sensimus,
364 574 518 654 erigimur.
537 574 658 651 Rufus¹,
675 576 772 656 posito
785 578 894 658 capite,
910 584 946 639 ut
957 575 983 640 si
1038 633 1041 637 .

180 660 274 726 Filius
288 663 469 728 immaturus
484 665 606 740 obisset,
621 665 705 727 llere.
724 664 799 741 Quis
813 673 893 728 esset

178 753 284 831 Finis’,
300 755 330 816 ni
346 754 464 836 sapiens
476 755 520 818 sic
533 754 744 818 Nomentanus
756 756 890 820 amicum
1076 783 1105 824 eo

179 841 344 905 Tollerct⁸?
358 870 370 900 ιι
387 841 470 921 Hau,
487 843 635 907 Fortuna!
649 843 717 925 quis
731 853 777 907 est
790 845 942 908 crudelior
955 845 989 907 in
1003 863 1062 908 nos

178 929 220 994 Te
233 931 338 996 Deus?
354 931 391 996 Ut
403 952 526 1014 semper
533 933 648 1013 gaudes
662 934 790 998 illudere
803 935 894 997 rebus

179 1020 341 1084 Humanis!
361 1049 374 1076 a
390 1020 497 1084 Varius
506 1024 617 1104 mappa
631 1041 825 1105 compescere
836 1025 934 1086 risum

178 1104 235 1172 Vix
246 1118 373 1191 poterat.
385 1110 513 1187 Balatro,
525 1111 717 1192 suspendens
730 1112 833 1175 omnia
848 1113 955 1174 naso‘:

181 1228 195 1254 u
210 1198 282 1263 Haec
293 1207 338 1263 est
351 1199 486 1263 conditio
500 1199 632 1277 vivendi,
648 1200 757 1276 aiebat,
772 1202 888 1283 eoque⁵
1079 1228 1104 1266 ss

178 1288 370 1372 Responsura
383 1297 437 1352 tuo
448 1307 608 1370 nunquam
621 1296 668 1350 est
680 1307 736 1370 par
750 1290 829 1352 lama
841 1290 948 1353 labori.

177 1369 269 1454 Tene,
285 1385 321 1440 ut
334 1395 391 1458 ego
405 1379 534 1462 accipiar
544 1379 638 1456 laute,
653 1381 824 1460 torquerier
838 1381 923 1444 omni

177 1464 386 1530 Sollicitudine
399 1467 582 1545 districtum,
597 1486 638 1530 ne
650 1468 737 1550 panis
750 1469 887 1547 adustus,

177 1550 222 1614 Nc
236 1551 314 1616 male
327 1554 486 1617 conditum
497 1557 549 1636 ius
562 1562 746 1637 apponatur,
763 1563 797 1618 ut
810 1574 918 1620 omnes

176 1638 334 1704 Pracincti
345 1644 427 1705 recte
440 1644 527 1725 pueri
541 1644 719 1726 comptique
733 1643 923 1707 ministrentl
1080 1665 1103 1706 ro

177 1730 262 1794 Adde
275 1732 331 1793 hos
339 1741 486 1814 praterea
498 1752 597 1808 casus,
613 1734 708 1795 aulaea
721 1741 813 1796 ruant
826 1734 867 1806 si,

177 1813 217 1881 Ut
227 1820 330 1895 modo,
346 1821 370 1882 si
384 1821 519 1901 patinam
528 1823 608 1903 pede
621 1822 724 1903 lapsus
735 1821 853 1902 frangat
866 1822 981 1902 agaso⁶.

176 1906 237 1970 Sed
250 1909 459 1986 convivatoris,
476 1912 521 1972 uti
534 1911 632 1982 ducis,
647 1910 808 1991 ingenium
819 1929 867 1974 res

177 1996 318 2060 Advorsae
331 1997 448 2061 nudare
457 1999 565 2073 solent,
582 2000 682 2063 celare
692 1999 845 2063 secundae.
864 2025 877 2053 a

175 2083 357 2148 Nasidienus
368 2086 407 2149 ad
421 2087 506 2150 haec:
520 2116 534 2143 s
547 2087 614 2150 Tibi
628 2088 677 2163 Dl,
693 2106 899 2170 quaecumque
912 2089 1058 2170 preceris,
1074 2112 1099 2154 a

176 2172 341 2237 Commoda
355 2173 444 2236 dent!
460 2174 502 2237 ita
515 2173 560 2237 vir
576 2175 677 2238 bonus
691 2194 723 2237 es
737 2176 926 2256 convivaque
938 2176 1046 2239 comis.
1064 2203 1076 2228 a

173 2257 213 2324 Et
225 2263 321 2325 soleas
333 2263 439 2346 poscit.
455 2263 552 2327 'lum'
565 2265 690 2329 inlecto
705 2283 831 2349 quoque
844 2266 963 2331 videres

174 2347 308 2413 Stridore
321 2355 438 2413 secreto
451 2351 561 2414 divisos
573 2370 648 2415 aure
665 2353 829 2416 susurros⁸.

174 2523 279 2592 Nullos
292 2529 340 2592 his
352 2530 476 2592 mallem
490 2459 757 2614 ludolsloslperdessse.
775 2526 835 2594 Sed
846 2528 898 2592 illa

175 2615 290 2695 Redde,
305 2637 372 2698 age,
386 2637 457 2699 quae
470 2618 615 2699 deinceps
624 2619 728 2682 risisti.

552 2725 726 2773 ruuulruus.

733 2793 871 2858 Vibidius
885 2794 959 2857 dum
1075 2819 1100 2857 u

176 2879 293 2959 Quaerit
305 2885 344 2947 de
358 2885 461 2966 pueris
474 2899 552 2946 num
565 2885 604 2946 sit
618 2886 745 2966 quoque
754 2882 847 2946 fracta
860 2884 977 2963 lagena,

176 2975 268 3052 Quod
281 2977 339 3040 sibi
352 2977 489 3058 poscenti
502 2995 565 3040 non
577 2976 692 3040 dentur
703 2977 828 3058 pocula,
842 2976 980 3058 dumque

204 3148 222 3183 ι.
244 3136 374 3192 Eriptmur,
391 3149 448 3182 nous
463 3149 520 3183 nous
538 3141 622 3183 remet-
677 3143 697 3183 ο.
712 3137 1098 3195 Δραεο,ιιιιρι1οῐνευίοι·,υιι1οιιτι

175 3196 234 3242 lons,
244 3202 301 3234 nous
310 3200 533 3236 nouerassurons.-
540 3191 624 3248 Rufus.
650 3191 716 3237 duud.

175 3244 252 3289 c'dnlt
259 3244 281 3286 le
289 3254 380 3286 surnom
387 3243 415 3286 de
423 3245 563 3288 Nasidienus.
676 3253 696 3290 v.
717 3245 794 3290 Soleae
809 3245 891 3301 poscit,
904 3247 922 3290 n
936 3246 1046 3292 demands
1061 3257 1097 3290 aas

200 3305 221 3341 2.
237 3296 313 3340 Finis.
323 3299 489 3340 sous-entendu
498 3297 576 3350 florui.
649 3299 744 3344 souliers
757 3302 822 3353 (pour
836 3310 861 3344 se
873 3300 935 3343 lever
944 3301 972 3344 de
984 3311 1025 3342 son
1042 3298 1099 3343 lites

200 3357 221 3396 ³.
231 3349 336 3404 Tellevet,
343 3351 381 3394 etlt
388 3349 469 3404 releve',
479 3349 623 3394 dest-t-dire
648 3353 704 3396 aller
713 3352 800 3396 donner
809 3352 836 3394 de
844 3353 1059 3404 nouveauxordres).
1073 3374 1099 3384 -

175 3401 320 3448 edtccnvole.
447 3456 453 3467 ¹
652 3404 1096 3479 Tum,alors,ppresqu'llestsortipour

174 3461 257 3554 la⁴dote
265 3517 279 3553 a
288 3509 316 3554 de
324 3511 347 3553 la
355 3467 541 3564 mumdum·
552 3459 624 3572 volso?
650 3457 926 3576 reparssrivlippprppppm
940 3515 983 3556 Les
995 3512 1098 3556 convivet

201 3570 222 3606 5.
236 3563 279 3618 lle,
324 3574 352 3606 ur
368 3564 429 3616 cela,
445 3573 512 3618 parca
528 3561 623 3618 qo’arnn
649 3564 846 3611 dechauuelrtsa
859 3566 1097 3622 pertentenuecuxt

177 3616 291 3661 sanctus
307 3615 396 3662 esseda
405 3624 464 3660 cesae
472 3617 516 3660 vie.
648 3616 745 3676 l'orellle.
