2350 4067
352 275 516 322 siraninus
537 277 619 321 uranu
642 277 673 321 rr.
692 265 720 322 3.
939 263 996 322 277

72 424 87 449 ,ι
108 391 200 470 Quod
209 392 280 454 satis
294 409 360 454 esse
374 397 462 472 putot
475 399 570 473 pater,
588 399 619 453 et
630 399 738 453 natura
752 391 894 452 coercet¹.

70 513 88 540 a
106 483 268 555 Praeterea,
280 500 319 543 ne
333 498 387 541 vos
403 480 504 541 titillet
518 480 623 559 gloria,
638 480 707 558 jure

73 602 87 627 κ
105 570 243 634 iurando
256 569 442 648 obstringam
456 568 547 630 arnbo
561 588 568 630 :
584 576 653 630 uter
666 567 760 629 aedilis
774 566 901 628 fueritve
960 588 997 626 ιιι

75 693 89 716 ι
106 659 251 722 Vestrum
264 666 389 739 praetor,
406 656 431 718 is
447 655 624 718 intestabilis
638 663 669 717 et
678 657 777 718 sacer¹
792 663 867 716 esto.

75 781 89 806 ι
107 748 144 811 In
158 748 257 810 cicere
272 756 364 827 atque
373 744 441 806 fabe
455 745 536 807 bona
550 753 584 808 tu
597 743 766 826 perdasque
781 743 923 824 lupinisi,

74 863 89 891 ι.
106 835 199 897 Laius
210 842 244 895 ut
258 834 289 895 in
303 833 389 896 Circo
404 833 543 914 spatiere,
560 840 592 894 et
604 833 740 896 aheneus
750 841 785 896 ut
798 833 885 905 stes‘,

75 960 89 985 tt
107 927 218 995 Nudus
231 929 320 1007 agris,
335 927 437 989 nudus
451 926 598 1000 nummis,
612 926 727 1001 insane,
743 923 899 1008 paternis?

75 1051 90 1076 ι
109 1020 232 1083 Scilicet
243 1028 278 1083 ut
290 1020 425 1102 plausus,
442 1037 519 1100 quos
532 1018 591 1080 fert
605 1019 760 1100 Agrippa⁵‚
783 1018 861 1080 ieras
876 1027 920 1092 tu,
963 1039 1000 1082 ree

76 1141 90 1167 ιι
110 1111 217 1173 Αειιιιιι
234 1110 404 1191 ingenuum
417 1109 526 1189 vulpes
539 1107 655 1170 imitata
668 1105 808 1170 leoneml
828 1133 841 1159 r

121 1234 134 1258 ι
147 1201 192 1265 Ne
205 1203 273 1284 quis
285 1203 429 1264 humasse
442 1201 513 1263 velit
527 1199 661 1280 Ajacem,
678 1198 810 1272 stridat,
829 1203 911 1260 vetas
925 1197 1002 1260 cur?

444 1305 636 1352 tetununorr.

75 1379 142 1442 Rex
157 1396 237 1441 sum.

449 1476 628 1526 srsnrrntus.

254 1549 301 1614 Nil
315 1550 396 1614 ultrb
411 1567 516 1630 quaero
530 1548 679 1629 plebeius.

444 1651 634 1698 neruuuuon.

673 1720 711 1784 lit
725 1739 751 1783 ae
776 1740 846 1784 uam

78 1815 158 1879 ilem
173 1812 331 1894 imperit03
350 1831 395 1890 ac,
410 1814 435 1876 si
449 1813 499 1875 cui
513 1811 618 1875 videor
631 1831 693 1876 non
704 1741 815 1893 jusdus,
830 1813 927 1876 inulto

79 1902 188 1966 Dicere
200 1900 283 1982 quod
297 1901 389 1962 sentit
402 1902 573 1982 permittol.

451 2006 633 2053 sternutus.

582 2077 712 2140 Maxime
725 2097 844 2159 regum,
971 2100 1008 2138 rsa

81 2166 119 2227 Di
135 2165 189 2226 tibi
202 2165 277 2227 deut
289 2167 375 2246 capta
388 2165 514 2227 classem
528 2166 682 2228 deducere
696 2165 798 2246 Trojb!

80 2253 165 2333 Ergo
178 2255 347 2329 consulere,
365 2262 395 2315 et
409 2273 479 2316 mox
494 2252 681 2336 respondere
690 2253 830 2316 licebit⁸i

113 2433 133 2466 1.
152 2420 180 2464 Et
196 2425 285 2464 natura
301 2425 385 2465 coercet
416 2429 438 2465 et
453 2434 496 2476 que
514 2422 536 2464 la
563 2426 643 2464 nostra
662 2426 687 2465 at
703 2419 809 2464 Floralia
827 2421 913 2475 possint
930 2421 1010 2476 Aprica*

84 2485 165 2518 nature
180 2475 286 2517 restraint
299 2475 370 2527 (dena
386 2453 413 2517 de
429 2487 493 2528 seges
509 2475 536 2516 li·
563 2475 692 2518 meminisse
701 2486 769 2518 carru.

86 2529 173 2578 eniteat,
184 2527 326 2570 dest-tt-dirc
336 2537 359 2570 et
372 2528 453 2571 dontla
461 2535 537 2570 nature
591 2535 611 2572 ι.
628 2528 706 2579 Latus,
716 2539 743 2570 en
754 2529 854 2570 c'cartaut
862 2533 884 2569 ta
897 2531 947 2580 tege
959 2537 1012 2570 area

86 2593 111 2622 se
124 2586 237 2623 contente.
564 2586 598 2623 tes
614 2582 747 2637 condes,en
758 2581 1011 2635 tepavanant.1t'autres

113 2640 135 2677 2.
153 2631 292 2675 intestabilis
308 2632 538 2688 sisacsr,initn1eet
565 2633 685 2677 entendent
698 2651 704 2677 :
715 2646 743 2677 en
762 2633 843 2675 faisant
860 2632 914 2674 seire
933 2633 1011 2675 devan·

86 2684 180 2728 mandit.
189 2685 331 2728 intestabilis
341 2697 365 2727 se
373 2687 439 2728 disait
462 2698 538 2739 ropre-
566 2689 594 2729 toi
607 2699 650 2729 unc
660 2688 720 2741 large
731 2687 806 2740 place,
817 2697 845 2728 en
855 2686 936 2728 faisant
948 2685 1012 2726 c'car-

86 2740 250 2797 ment'deaelui
261 2740 298 2793 qul
307 2739 365 2780 arsit
373 2699 471 2792 perdude
479 2740 538 2781 droit
565 2746 599 2782 ter
609 2742 630 2782 ιιι
641 2739 698 2782 touta
713 2752 750 2782 sur
764 2745 802 2781 ton
813 2750 912 2793 passage.
920 2737 1013 2782 -Alte-

86 2792 116 2834 de
133 2791 227 2844 deposer
242 2801 268 2853 ep
285 2792 364 2844 justice
374 2799 397 2834 et
412 2793 439 2834 de
455 2798 537 2845 testem
564 2803 618 2835 «reas
633 2797 659 2832 at
672 2798 730 2847 stes,
747 2804 802 2847 pour
817 2803 860 2846 que
873 2797 895 2833 ιιι
909 2792 956 2833 aies
970 2801 1014 2834 una

86 2854 160 2893 sacen
171 2843 198 2885 de
208 2845 264 2886 cetur
274 2844 312 2897 qui
322 2845 380 2886 avait
388 2843 423 2887 ete
433 2845 538 2887 condam·
562 2863 596 2894 tr
604 2861 632 2881 ·=·.
653 2864 669 2879 ι.
684 2857 771 2892 «ponae.

88 2896 119 2939 nd
129 2907 157 2938 en
168 2901 233 2958 ventu
241 2897 306 2938 d’une
322 2897 362 2939 des
372 2898 414 2938 lois
423 2898 487 2950 qu'on
499 2909 537 2951 ap·
593 2909 613 2942 s.
627 2899 738 2993 Aprippa.
760 2901 812 2952 Voy.
831 2899 965 2953 l’argument
987 2897 1015 2941 de

88 2957 157 3004 perer.
168 2960 254 2991 recrees
262 2955 284 2991 et
298 2962 336 2992 sur
343 2950 460 3004 lesquelles
474 2961 539 3004 repo·
566 2953 627 2994 l’tlde
637 2963 650 2995 v
660 2955 689 2993 du
708 2954 753 2993 ivre
762 2955 778 2994 ι.

88 3011 163 3044 eareat
172 3003 205 3042 les
214 3002 283 3044 droits
293 3003 322 3044 dn
331 3003 408 3057 peuple
418 3011 440 3044 et
449 3003 482 3045 los
491 3002 540 3056 pre·
594 3010 614 3047 6.
628 3004 724 3054 Atrida,
737 3005 772 3046 tils
788 3002 886 3058 detrec,
899 3007 1014 3058 Agamem-

89 3056 203 3108 rcgattres
212 3055 238 3096 de
248 3065 284 3096 ses
297 3056 383 3096 tribuns
394 3073 399 3097 :
409 3066 436 3097 on
453 3057 540 3109 pouvait
567 3069 619 3099 non.
639 3061 736 3110 lorsque
752 3058 785 3099 les
799 3059 867 3100 Grece
885 3063 963 3100 curent
977 3069 1015 3098 ae-

89 3110 111 3149 le
121 3115 171 3149 tuer
180 3119 233 3149 sans
248 3108 351 3150 encourir
363 3108 503 3150 l'aecusation
513 3112 541 3150 (ιο
566 3109 633 3152 corde'
649 3110 752 3162 dUlysse
767 3111 799 3152 les
819 3122 891 3153 armes
912 3110 1017 3152 o’rcnitle

89 3159 199 3214 parricide
222 3160 378 3214 qu'entralnait
401 3163 497 3214 toujours
520 3163 541 3204 lo
567 3161 866 3225 qnordclamaittjax‚bjax
881 3164 967 3206 devenu
981 3163 1017 3204 fou

90 3212 249 3256 :nerrtred'un
259 3214 353 3265 citeron.
567 3227 660 3269 agatnen
673 3215 713 3258 des
728 3222 848 3270 troupeaux
864 3217 917 3269 qu'il
931 3217 1017 3268 prenait

119 3271 139 3308 ³.
156 3264 241 3319 cicere,
249 3263 309 3320 fabo,
320 3265 415 3321 lupinis.
423 3267 464 3307 Les
472 3266 541 3309 e'dlles
568 3279 624 3322 pour
642 3268 676 3311 los
700 3268 782 3310 soldats
805 3270 973 3323 d'tgarnernnon
996 3275 1018 3310 ot

90 3319 195 3361 ileraient
207 3320 294 3360 donner
303 3320 343 3360 des
356 3320 407 3370 jeus
417 3329 422 3354 ι
432 3324 494 3360 outre
509 3321 542 3362 les
568 3320 667 3374 n’tllrsse
675 3352 682 3372 ,
691 3326 714 3363 et
726 3332 750 3365 se
764 3333 829 3376 percu
838 3322 925 3364 ensuite
934 3321 960 3363 de
975 3331 1016 3362 son

91 3372 202 3430 depeuses
215 3370 380 3430 considerables
389 3382 432 3425 que
442 3371 541 3414 ne'cessi·
569 3373 630 3424 epea.
644 3377 704 3416 cetto
720 3375 770 3416 tolie
787 3375 861 3426 d’njax
874 3380 908 3416 cst
925 3373 945 3415 le
960 3373 1018 3425 sajet

92 3425 134 3468 teir
143 3425 165 3466 la
176 3423 309 3466 celebratior
320 3425 348 3466 de
355 3435 393 3467 ces
400 3425 466 3476 jem,
476 3424 492 3465 il
501 3425 543 3466 tal·
569 3427 635 3468 d’une
645 3435 677 3468 tra
693 3427 741 3469 tidie
751 3429 778 3468 de
787 3428 899 3480 Sophocle.

91 3477 133 3520 leit
142 3488 224 3518 encore
233 3476 288 3537 taire
295 3487 324 3518 ιιιι
333 3477 410 3532 peuple
420 3477 460 3536 des
469 3476 544 3537 distri·
598 3486 618 3522 ι.
632 3438 710 3522 [mdia
728 3477 800 3521 dicae
815 3479 936 3533 permitto,
949 3478 972 3530 je
987 3478 1018 3520 lur

92 3530 183 3572 batione
199 3530 227 3570 de
243 3539 324 3571 vivres.
342 3532 422 3572 Perse:
433 3526 510 3580 Vincla
522 3535 543 3572 et
571 3539 668 3587 permets
677 3531 704 3573 de
713 3530 761 3573 dire
770 3531 928 3586 tmpundment.

92 3582 154 3624 cicer
163 3591 240 3634 rapere
254 3581 318 3635 larci
334 3580 431 3625 llisaati
444 3582 543 3637 populo,
599 3591 616 3629 a.
633 3584 753 3628 consulere
764 3583 847 3628 licebit.
859 3581 976 3626 consulere
985 3582 1018 3627 ii·
