2350 4067
359 316 509 365 Cffllidssdi
530 317 615 365 trouu
636 317 679 365 111.

296 431 426 494 Vincunt
439 450 562 513 equora
577 432 697 509 navitoe,

176 521 320 603 Magnum
334 520 494 603 pauperies
506 520 719 602 opprobrium¹
731 522 818 603 jubet

298 607 424 685 Quidvis
437 616 468 671 et
482 607 581 672 iacere
595 617 627 672 et
638 610 711 693 pati,

180 698 366 779 virtutisque
378 700 458 760 viam
472 699 584 762 deserit
597 699 720 762 arduoei

296 823 350 887 Vel
364 843 421 887 nos
435 825 468 886 iu
481 823 687 906 Capitolium¹‚

109 958 119 973 .
180 910 249 986 Quo
267 911 380 974 clamor
392 918 482 974 vocat
494 918 525 973 et
538 912 627 974 turba
643 912 834 990 faventium,

297 996 352 1061 Vel
368 1016 424 1061 nos
440 999 472 1061 in
486 1017 569 1062 mare
583 1000 764 1081 proximum

180 1084 325 1149 Gemmas
335 1093 366 1151 et
380 1087 506 1169 lapides,
524 1107 636 1152 aumm
649 1098 681 1153 et
697 1091 835 1168 inutile⁸,

300 1208 420 1273 Summi
433 1212 591 1276 materiem
606 1214 688 1291 mali,

179 1297 344 1374 Mittamus,
361 1300 511 1363 scelerum
524 1302 550 1363 si
566 1302 646 1364 bene
657 1302 794 1384 poenitet.

299 1386 458 1451 Emdendo
470 1390 623 1472 cupidinis

181 1475 266 1538 Pravi
280 1484 353 1539 sunt
365 1478 540 1553 elementa⁸,
556 1486 587 1539 et
600 1480 727 1543 tenerc⁰
743 1481 832 1545 nimis

300 1597 417 1660 nentes
429 1598 634 1681 asperioribus

182 1683 361 1747 Formandae
375 1685 495 1749 studiis.
511 1686 613 1751 Nescit
627 1707 707 1769 equo
721 1692 805 1756 rudis

190 1767 194 1781 '
300 1773 422 1837 Haerere
435 1775 588 1854 ingenuus
603 1795 692 1858 puer,

185 1859 353 1943 venarique
366 1862 463 1940 timet,
478 1863 586 1927 ludere
600 1866 726 1942 doctior,

301 1982 362 2046 Seu
376 1982 483 2047 Graeco
494 1985 604 2063 jubeas
619 1987 737 2064 trocho,

182 2072 243 2135 Seu
255 2073 341 2135 maiis
357 2074 447 2135 vetita
460 2072 580 2151 legibus
596 2074 674 2149 alet,

302 2159 423 2238 Quum⁷
437 2164 560 2245 periura
572 2162 666 2243 patris
680 2162 756 2225 fides

184 2252 360 2316 Consortem
373 2252 507 2316 socium⁸
519 2254 602 2317 fallat
615 2260 646 2315 et
657 2252 820 2334 hospitem,

302 2378 494 2460 Indignoque
510 2378 672 2461 pecuniam

184 2466 294 2531 Herodi
306 2468 471 2548 properet⁰.
489 2466 608 2529 Scilicet
622 2464 796 2546 improbae¹⁰

304 2554 453 2619 Crescunt
466 2556 595 2629 divitiae3
613 2563 713 2617 tamen

185 2644 285 2708 Curtae
299 2646 403 2707 nescio
418 2645 492 2725 quid
508 2663 630 2728 semper
645 2644 730 2706 abest
744 2642 788 2705 roi
795 2643 827 2704 ¹¹.

86 2799 532 2869 r.liapmm‚pnopcrre⁸opproorim,l
568 2804 589 2841 r.
604 2797 695 2850 Quum,
705 2796 779 2839 taudis
788 2806 831 2851 quo
844 2795 854 2848 (
862 2794 914 2840 d'un
929 2800 991 2839 rutro

59 2856 83 2897 la
91 2851 207 2909 pauvrett,
217 2853 256 2907 qui
265 2858 301 2895 ost
309 2853 330 2895 le
340 2853 390 2907 pius
399 2853 470 2908 grand
478 2853 518 2895 des
528 2872 532 2879 ·
541 2851 606 2904 cote).

60 2906 194 2960 opprobres.
568 2912 589 2949 a.
605 2904 735 2947 densorum
744 2902 992 2957 metamaucensem

88 2966 112 3003 2.
123 2958 153 3002 In
161 2957 315 3012 capitolium,
323 2958 434 3012 (portorus)
443 2970 471 3001 au
478 2961 520 3001 ca·
541 2956 609 3013 (dans
619 2968 655 3000 ses
664 2958 800 3012 entreprisos
809 2956 837 2999 de
844 2958 990 3009 commemo).

60 3013 135 3067 pitole
143 3013 210 3065 (pour
219 3010 253 3054 les
264 3022 382 3054 consecrer
392 3013 406 3053 t
416 3013 519 3065 Jupiter).
568 3018 589 3055 o.
604 3010 720 3066 Properat,
730 3022 756 3055 ss
765 3010 816 3053 nito
825 3006 951 3052 d'amnsser.

90 3072 113 3109 8.
130 3063 519 3118 Turturuoentium,1siouleup-
571 3072 603 3108 ro.
618 3062 741 3119 Improbe,
762 3062 898 3115 excessivos,
915 3062 991 3105 aride-

60 3117 206 3173 plaudissant
218 3122 225 3166 (
233 3119 247 3159 t
259 3129 285 3161 co
298 3118 364 3171 pieux
378 3118 478 3160 sacrifice
491 3118 519 3160 de
542 3122 604 3159 ment
618 3115 741 3159 entussees.
757 3119 815 3159 nans
831 3116 853 3157 Ιι
868 3114 949 3169 pensos
962 3115 991 3157 du

61 3183 107 3213 nos
117 3172 246 3224 richesses),
260 3172 295 3213 ies
307 3171 519 3226 applaudissemeuts
543 3172 615 3225 poeto,
624 3177 681 3212 cette
690 3167 868 3223 o'pithdtos’appli
884 3168 991 3210 uomoirs

61 3224 196 3267 delrionis.
543 3221 877 3265 encoreauxrichesseseliem
891 3221 991 3274 mesqu’d

90 3283 113 3321 4.
129 3276 217 3319 inutile
224 3305 232 3328 ,
243 3276 338 3320 innecte.
544 3275 645 3317 l'ararioe
662 3277 671 3327 (
680 3274 783 3317 studium
802 3273 948 3327 improbum)
964 3273 991 3315 do

91 3337 113 3373 ⁵.
129 3329 252 3382 cupidinis
259 3327 424 3381 demimus
432 3337 520 3382 germen
543 3328 600 3370 celui
610 3328 648 3381 qui
658 3328 690 3371 irs
700 3326 840 3371 armassem.

62 3383 94 3425 de
103 3382 244 3436 incupidito,
254 3383 283 3426 do
290 3382 398 3425 i'amrioe.
466 3380 469 3386 '
572 3389 604 3423 rr.
615 3382 691 3425 curta
696 3383 738 3433 rei,
744 3386 800 3423 certe
807 3379 894 3421 fortune
900 3382 987 3439 troppo·

64 3489 78 3530 6
92 3442 114 3479 o.
133 3434 233 3531 ποτε,
241 3434 361 3488 delicatos,
375 3429 520 3488 effeminem,
544 3433 584 3475 tite
592 3444 673 3539 οὲιὲαῗο
685 3434 744 3486 (aux
757 3442 812 3488 your
821 3432 849 3474 de
857 3431 913 3474 celui
923 3440 960 3485 qur
970 3430 991 3473 lu

80 3498 136 3532 nm
177 3518 183 3533 0
544 3496 598 3540 pom
626 3498 661 3530 e·
