2350 4067
36 462 180 585 aaut

43 586 57 611 t

188 327 246 387 ‘208
505 336 534 391 o.
558 334 674 384 nonani
695 334 793 383 rancor

227 454 366 534 Denique
379 454 418 515 sit
438 452 507 514 finis
515 452 712 557 Qi¹2
730 467 891 532 quumque
902 448 1016 513 habeas
1028 449 1108 533 pius,

183 505 368 623 &auperiem
380 549 497 604 metuas
512 542 626 616 minus,
642 548 673 601 et
687 540 775 601 finire
787 538 923 601 laborem

188 628 327 709 Incipias,
344 639 431 710 parto
444 630 528 711 quod
542 630 679 704 avebas’,
695 647 734 689 ne
748 626 840 690 facias
853 628 938 708 quod

190 715 360 779 Ummidius
371 718 506 798 quidam.
523 716 591 780 Non
606 718 696 796 longa
710 724 755 777 est
768 715 903 777 fabuia³z
918 716 1003 777 dives
1087 738 1110 778 u
1161 731 1162 738 ¹

188 804 227 867 Ut
240 806 414 879 metiretur⁸
427 824 583 881 nummos,
601 805 642 865 ita
656 804 797 865 sordidus
813 811 846 865 ut
862 823 894 864 se

188 891 256 955 Non
269 911 405 973 unquam
418 912 504 957 servo
518 892 629 955 melibs
642 892 776 969 vestiret,
791 892 829 951 ad
843 910 943 972 usque

189 980 374 1062 Supremum
387 992 519 1064 tempus,
536 1001 576 1044 ne
594 1001 626 1044 se
640 982 769 1061 penuria
784 981 882 1044 vietus

189 1069 392 1152 Opprimeret,
408 1073 574 1135 metuebat.
588 1072 629 1133 At
640 1071 725 1132 huuc
736 1070 845 1132 liberta
856 1071 956 1132 securi

189 1156 294 1233 Divisit
306 1161 456 1235 medium,
469 1159 633 1222 fortissima
644 1158 911 1239 Tyndaridarum.
1066 1180 1112 1233 ¹m

189 1246 308 1320 —Quid
322 1252 365 1312 mi
377 1250 470 1329 igitur
483 1248 610 1312 suades?
623 1246 663 1335 Ut
674 1249 772 1310 vivam
785 1246 951 1329 Maenium?
965 1255 1019 1309 aut
1031 1248 1074 1311 sic

188 1331 227 1397 Ut
241 1334 472 1400 Nomentanus?
485 1372 526 1383 -—-
539 1337 642 1416 Pergis
655 1338 822 1418 pugnantia
836 1356 942 1400 seeum

187 1422 351 1488 Frontibus
365 1427 497 1489 adversis
512 1428 732 1507 componere⁷t
749 1443 812 1488 nou
829 1444 900 1505 ego,
913 1442 1041 1487 avarum

188 1508 292 1587 Quum
302 1521 371 1577 veto
384 1521 414 1576 te
428 1514 507 1588 fieri,
521 1532 655 1595 vappam
668 1513 763 1593 jubeo
775 1532 810 1575 ac
824 1514 1024 1577 nebulonem.

187 1596 240 1661 Est
254 1601 364 1665 modus
378 1600 410 1663 in
425 1602 528 1677 rebus,
544 1612 617 1665 sunt
627 1601 701 1664 certi
713 1601 847 1683 denique
859 1601 954 1682 fines,
1077 1625 1100 1661 u

125 1723 133 1740 ·
169 1688 274 1764 viduas
288 1692 368 1753 ultra
381 1692 519 1773 citraque
534 1684 642 1773 neduit
657 1692 823 1754 consistere
837 1700 967 1754 rectum.

228 1777 316 1857 Illuc,
334 1780 417 1842 unde
431 1781 502 1854 abii,
520 1780 638 1855 redeo⁸,
655 1799 747 1843 nemo
762 1789 797 1843 ut
813 1781 919 1844 avarus
959 1840 963 1848 ,
1037 1808 1046 1827 0

189 1866 228 1930 Se
244 1866 361 1945 probet,
374 1886 410 1929 ac
422 1868 525 1949 potius
540 1868 645 1931 laudet
658 1868 774 1931 diversa
787 1879 963 1949 sequentes,

189 1948 343 2031 Quodque
358 1952 455 2015 aliena
467 1954 580 2036 capella
593 1960 678 2034 gerat
693 1954 854 2016 distentius
868 1954 971 2032 uber⁸,

188 2038 344 2116 Tabescat‚
360 2058 462 2124 neque
475 2060 507 2104 se
522 2035 630 2124 m'ajori
644 2042 863 2125 pauperiorum
1076 2066 1111 2105 no

188 2124 298 2189 'l'urbae
311 2138 476 2213 comparet,
487 2134 571 2196 hunc
581 2141 674 2214 atque
687 2134 772 2196 hunc
785 2152 932 2215 superare
945 2132 1072 2196 laboret.

133 2296 135 2301 Ι
189 2212 239 2277 Sic
250 2216 428 2281 festinanti¹⁰
441 2239 562 2303 semper
574 2220 759 2304 locupietior
770 2222 879 2299 obstat,

214 2378 236 2466 p.
249 2369 626 2470 ffirmffluffir'³m{⁸⁸⁰r'p
664 2375 693 2419 da
701 2380 750 2471 tput
758 2375 872 2440 lemouda
883 2387 940 2431 pour
948 2387 994 2431 quc
1002 2376 1112 2420 laurum

190 2436 539 2575 -ptpt'etgtfudtdbd‘
553 2440 564 2543 ⁵,
577 2434 638 2470 ”⁰²
664 2428 1113 2547 mittibbdddssiibsstifmm

189 2541 638 2681 ni·itttttvtttt‘;”t-”‘
663 2533 1113 2630 ,a

189 2667 242 2730 seru
254 2650 401 2743 (ne'pouva'rir
414 2649 456 2745 1plus
472 2650 511 2733 laul
521 2649 637 2745 cgmpoelrs),
665 2651 729 2747 addae,
744 2651 809 2735 ἕξει·
826 2652 886 2737 -dibg
899 2647 1114 2737 ffiuvlagurbzdtreamdd

188 2743 246 2784 Nous
255 2752 323 2784 avons
335 2753 363 2786 eu
373 2742 469 2798 franceis
483 2754 527 2786 une
540 2744 636 2787 locution
665 2745 772 2799 presence
781 2747 815 2788 les
828 2746 887 2788 deux
899 2748 1023 2798 extremes,
1040 2755 1063 2790 tu
1078 2759 1114 2789 var

188 2792 338 2847 equivaleuta2
347 2796 405 2839 ainsi
414 2808 442 2839 on
452 2797 485 2839 dit
493 2796 548 2840 daus
556 2797 577 2838 le
586 2798 638 2840 lan·
665 2809 743 2852 passer
755 2810 809 2841 sana
817 2799 934 2842 transitiou
949 2799 1002 2843 d’un
1016 2800 1115 2843 extrema

188 2847 638 2903 gagetamitierac'eatunhommaquire·
665 2852 771 2895 al'autre.

189 2900 392 2947 mueleae'cusbla
427 2901 463 2945 lla.
692 2904 1114 2959 t.1lluc,undecbii,redeo‚etc.,ia

216 2956 235 2994 ⁵.
251 2950 387 2996 Fortissimus
418 2954 601 3009 puduridurum,
616 2956 639 2997 la
666 2959 753 3000 revicns
767 2971 794 3001 au
810 2961 871 3015 point
882 2960 932 3002 d’ob
948 2960 970 3010 je
986 2960 1034 3001 suis
1052 2961 1114 3012 parti,

188 3003 239 3057 plus
260 3006 363 3048 vaillante
381 3006 420 3049 dea
439 3008 586 3051 descendants
609 3008 638 3051 de
666 3012 787 3065 qu’iiu'ya
812 3024 837 3054 as
852 3012 1115 3067 unseulavarcquisoit

188 3055 297 3109 Tyndaro,
316 3058 337 3099 ta
351 3060 400 3113 plur
416 3060 520 3103 raitlante
535 3062 575 3104 des
591 3061 615 3102 cl
629 3084 639 3092 -
666 3023 829 3107 contentdedui
853 3065 930 3108 deson
940 3069 988 3107 sort
1010 3066 1115 3119 etquinc

189 3115 334 3171 temneat-rea..
352 3113 524 3167 clytemnestra,
544 3115 589 3156 fille
611 3074 639 3156 de
666 3122 742 3159 trouve
757 3118 807 3170 ptus
826 3097 937 3161 beureuse
959 3119 980 3159 ia
994 3097 1114 3161 'condition

188 3160 336 3215 Tyndarum}
345 3162 509 3217 despumatae
518 3166 637 3220 sonepoux
666 3169 766 3213 d'autrui.
775 3174 846 3224 voves
858 3172 880 3214 la
893 3176 945 3214 note
962 3178 976 3214 2
995 3170 1023 3214 de
1039 3172 1062 3214 la
1078 3182 1114 3227 pa-

189 3214 336 3269 ngamemnon
353 3214 404 3257 d'un
419 3228 475 3272 coup
491 3219 519 3261 de
529 3219 610 3272 bache,
625 3219 639 3261 b
665 3230 748 3276 geaot.

189 3278 228 3309 aun
238 3273 314 3310 retour
322 3266 349 3309 de
358 3268 429 3311 Trete.
693 3281 714 3318 a.
738 3276 878 3332 Quodque..,.
902 3277 1028 3321 distentius
1052 3276 1113 3321 uber.

215 3324 235 3363 ⁶.
253 3318 282 3362 Ut
288 3320 364 3364 ciuem
372 3319 483 3372 dantur,
494 3334 538 3377 que
550 3323 574 3375 je
588 3324 639 3367 vive
666 3328 902 3375 ondoditdemtme:

189 3383 312 3417 commeari
327 3380 389 3417 rutra
403 3373 497 3417 Mtniua.
510 3379 539 3418 ce
552 3374 638 3418 Meuius

188 3424 639 3541 nniteramnensis
665 3418 1094 3508 mmmmm&

189 3542 233 3626 philp
242 3533 639 3595 serurnaparamourpourtabonue
695 3544 726 3580 ro.
741 3535 872 3583 Festinanti
877 3572 884 3594 ,
899 3552 924 3583 ae
940 3538 1034 3603 harant,
1049 3541 1113 3584 a'em·

230 3596 262 3628 re.
272 3588 313 3629 cea
323 3585 380 3629 deux
389 3586 489 3629 hommes
496 3584 579 3628 emant
586 3597 639 3629 con-
666 3596 770 3683 pressam
777 3589 907 3642 (d'amasaar
915 3593 966 3648 plus
976 3592 1005 3636 dc
1012 3592 1065 3638 bren
1074 3603 1114 3649 que

190 3638 543 3695 amporuuaunonemtassea
552 3649 638 3683 conum
675 3642 802 3695 esautres).
