2350 4067
340 264 536 340 nrrsromnnn
558 294 641 341 arnan
662 298 681 340 ι.
708 287 753 342 17.
948 291 1000 348 361

83 412 125 477 m
137 412 235 495 parvis
247 410 355 473 animis
370 418 400 473 ct
413 429 505 492 parvo
520 430 646 491 corpore
661 414 773 492 majus;
978 441 1003 483 aa

84 504 140 567 llio
154 503 248 564 subit¹
258 512 289 565 et
303 502 417 583 perfert
430 522 437 563 :
449 508 501 562 ant
513 501 609 564 virtus
619 520 731 566 nomen
745 504 835 567 inane
848 516 903 583 est,

84 602 146 658 dut
158 597 252 657 decus
265 601 295 656 et
308 594 442 674 pretium
453 594 534 655 recte
549 594 625 675 petit
638 596 797 674 experiens
809 598 854 659 vir
861 602 881 660 ².

83 684 193 746 Coram
207 684 295 764 rege³
307 702 362 744 suo
377 682 414 745 dc
426 692 606 764 paupertate
615 689 748 747 tacentes

83 772 155 833 Plus
167 781 312 853 poscente
323 772 420 834 ferent
435 791 442 833 :
459 772 549 833 distat
564 790 706 835 sumasne
720 774 872 854 pudenter

82 860 131 921 dn
146 860 252 941 rapias,
269 860 361 941 Atqui
376 878 479 924 rerum
492 868 583 943 caput
597 862 656 922 hoc
669 862 757 934 erar,
769 862 902 927 bielons.
979 889 1003 928 rs

84 978 99 1005 a
116 949 255 1012 lndotata
268 950 341 1011 mibi
354 968 440 1012 soror
453 958 509 1023 est,
526 951 710 1031 paupercula
723 959 828 1028 mater,

82 1038 121 1099 Et
132 1036 244 1099 fundus
258 1055 315 1099 nea
327 1037 485 1100 vendibilis
499 1055 556 1099 nec
569 1056 692 1119 pascere
705 1038 837 1113 lirmusi,
850 1066 863 1091 »

81 1125 145 1201 Qui
158 1125 239 1199 dicit,
256 1126 384 1187 clamat:
400 1123 546 1187 «Victum
560 1126 638 1187 date.
653 1152 665 1180 ι
681 1124 816 1189 Succinit
829 1125 922 1188 alter:

82 1242 97 1268 ιι
113 1212 150 1275 Et
165 1213 240 1274 mibi
253 1212 376 1274 dividuo
386 1212 519 1276 findetur
529 1231 658 1276 munere
673 1212 810 1291 quadrat
829 1238 842 1262 ι

80 1300 142 1363 Sed
156 1300 264 1363 tacitus
278 1299 360 1380 pasci
370 1298 395 1359 si
409 1307 510 1378 posset
523 1318 640 1365 corvus.
657 1297 781 1359 haberet
978 1322 1003 1359 n

81 1390 154 1451 l'lus
168 1388 266 1469 dapis,
282 1399 313 1449 et
325 1388 397 1449 rixae
411 1388 508 1450 multo
522 1388 623 1448 minus
638 1385 830 1464 invidiaeque.

79 1476 279 1539 Brundisium
298 1494 401 1537 comes
420 1483 473 1537 ant
492 1475 687 1538 Surrentum⁷
701 1474 811 1536 duetus
823 1491 988 1549 amoenum,

78 1564 141 1641 Qui
156 1564 292 1646 queritur
306 1563 436 1625 salebras
451 1570 481 1625 et
489 1563 634 1629 acerbum
649 1563 744 1642 frigus
757 1570 788 1623 et
798 1562 920 1638 imbres,

78 1656 144 1715 dut
155 1656 260 1715 cistam
274 1652 425 1714 effractam
439 1661 470 1712 et
485 1651 636 1713 subducta
648 1651 754 1713 viatica
767 1650 873 1731 plorat,

78 1742 160 1805 Nota
173 1742 264 1804 refert
276 1741 443 1803 meretricis
458 1742 624 1816 acumina⁸,
637 1760 717 1822 saepe
730 1741 880 1815 catellam,
976 1762 1000 1803 aa

78 1832 168 1912 Saepe
183 1830 404 1911 periscelidem⁹
415 1837 531 1909 raptam
546 1830 602 1891 sibi
617 1830 726 1906 llentis,
742 1833 788 1893 uti
802 1848 874 1891 mox

76 1921 171 1985 Nulla
186 1919 261 1982 fides
273 1918 391 1981 damnis
403 1920 543 1998 verisque
557 1919 713 1981 doloribus
726 1918 837 1981 adsit¹⁰.

76 2009 145 2073 Nec
158 2007 252 2071 semel
266 2008 370 2070 irrisus
383 2006 475 2068 triviis
488 2007 624 2069 attollere
636 2018 722 2070 curat

77 2098 187 2161 Fracto
201 2116 291 2159 crure
306 2096 468 2177 planum¹¹,
481 2095 552 2157 licet
562 2097 604 2157 illi
618 2097 749 2179 plurima
761 2103 866 2157 manet

75 2185 225 2258 Lacrima,
237 2203 292 2265 per
305 2190 445 2245 sanctum
456 2184 662 2261 juratusdicat
672 2182 821 2246 Osirim¹¹z
975 2208 1001 2247 aa

81 2308 95 2331 ι
115 2275 245 2351 Credite,
262 2292 324 2335 non
338 2273 450 2346 ludo¹⁸3
468 2273 619 2335 crudeles!
638 2274 732 2336 tollite
745 2272 903 2335 claudum!
920 2299 933 2324 ι

80 2394 95 2420 ι
110 2362 218 2441 Quare
233 2356 489 2444 peregrinums‘»,
501 2362 610 2423 ricinia
623 2381 714 2424 rauca
728 2361 880 2423 reclamat.

108 2505 127 2539 r.
141 2493 215 2537 Subit.
226 2495 339 2536 sous-ent,
350 2492 420 2534 onem.
503 2543 507 2552 Ι
581 2499 601 2536 a.
616 2490 689 2547 Refert
711 2490 837 2541 acumina,
855 2488 951 2541 reppello
967 2488 1001 2532 lea

106 2557 127 2591 ⁴2.
142 2546 215 2598 Recte,
225 2558 277 2589 arec
287 2547 360 2588 raison
369 2576 375 2595 ,
385 2545 397 2587 ir
407 2545 449 2587 bon
460 2543 526 2586 droit.
553 2556 625 2589 ruses.

75 2623 106 2636 -
114 2600 237 2654 Eapariens
249 2599 293 2649 atr,
307 2599 410 2640 l'bomma
420 2598 457 2651 qui
468 2602 527 2639 tenta
581 2606 600 2641 e.
617 2597 741 2647 catellam,
751 2596 820 2650 petite
828 2594 905 2637 chaine
914 2596 923 2646 (
929 2594 966 2648 qui
976 2606 1002 2638 ea

76 2655 202 2708 l'eprenra,
212 2653 249 2706 qui
263 2663 317 2706 pays
331 2652 358 2693 da
372 2662 397 2692 sa
407 2661 526 2704 personne.
554 2652 634 2705 portait
643 2664 670 2693 an
686 2647 949 2702 acub-Perimelidem,
958 2659 1000 2691 an·

105 2714 125 2751 a.
142 2705 211 2759 Rapa,
220 2712 313 2759 patron,
337 2711 454 2746 rotecteur.
554 2716 611 2747 nanu
621 2710 678 2753 (aue
692 2705 725 2745 les
742 2704 832 2744 lemmes
845 2702 952 2755 portoient
961 2712 999 2743 au·

104 2766 125 2803 4.
142 2758 223 2802 noram
239 2762 307 2811 capot
323 2716 365 2798 doc
380 2762 441 2802 arat.
456 2755 528 2797 o’etait
554 2758 633 2800 dessus
643 2758 671 2799 de
680 2758 701 2798 la
711 2756 821 2798 chanliet.

77 2815 100 2858 la
115 2812 207 2855 l'aliaire
224 2808 401 2865 principale(qui
417 2814 439 2851 te
454 2806 528 2850 laisait
583 2820 615 2855 ιο,
628 2810 699 2853 Ure...
712 2807 781 2851 adsit.
791 2807 883 2858 Phedre,
891 2809 908 2857 1,
918 2816 951 2849 x:

76 2865 210 2911 rechercher
218 2864 240 2907 la
264 2864 368 2905 rotectian
378 2860 418 2903 des
427 2860 526 2915 grands).
554 2875 666 2915 pumma.
675 2873 725 2914 amr
734 2872 800 2905 anae
806 2872 863 2903 „aa
871 2868 961 2911 amma,

106 2926 125 2963 5.
140 2918 233 2961 Parcere
249 2875 339 2970 firmas,
356 2914 456 2956 suffisant
472 2924 527 2968 pour
554 2915 905 2956 rarmntvorumaraamranaaem„

76 2984 135 3015 naus
146 2970 275 3013 latravivre.
583 2980 613 3013 ιι.
631 2965 1001 3021 Planum,leragabond,lemen-

106 3041 127 3077 o.
143 3034 172 3077 ut
191 3031 250 3075 milri
269 3030 368 3084 findetur
387 3026 487 3083 quadra,
505 3028 527 3071 le
554 3023 622 3065 diant.
660 3074 687 3085 ..
886 3072 891 3082 Ι

77 3088 156 3129 antean
172 3096 222 3127 sera
237 3084 306 3139 coupc'
325 3082 384 3125 aussi
399 3093 453 3134 pour
468 3082 526 3132 moi,
583 3084 614 3119 ra.
629 3078 709 3126 osiris,
720 3074 812 3135 drrrnrte
821 3069 964 3135 egyptrenne.⁸
973 3074 1002 3114 le

75 3122 220 3182 ‘d'est-a-dtre
231 3138 308 3199 J'aurai
319 3136 379 3178 aussi
393 3145 428 3176 ms
439 3139 489 3228 part
498 3134 527 3176 du
554 3128 691 3191 cultellata
701 3133 724 3170 ct
732 3127 824 3169 d’ostrrs
832 3130 976 3179 commaneant
990 3126 1002 3165 t

76 3190 304 3247 glteau.-l)widaa
317 3198 423 3236 manera.
448 3186 527 3242 epre'·
555 3194 579 3224 se
598 3180 711 3235 repandre
730 3181 786 3223 dans
804 3179 826 3221 la
849 3178 953 3234 populace
975 3177 1002 3220 de

77 3251 129 3288 sant
150 3244 210 3285 etant
231 3243 333 3297 parrega,
358 3242 391 3283 les
416 3240 527 3295 largesses
554 3237 629 3277 Rome.
874 3284 880 3295 ·

78 3296 366 3341 tombantsnrnousdeux.
583 3284 1001 3348 13.Naalada.iepcplarsantepas.

105 3360 125 3395 ¹1.
144 3347 292 3392 Brarrdialam
303 3379 309 3400 ,
319 3347 502 3391 Surrentumvo
521 3376 527 3389 .
582 3347 614 3385 tt.
629 3337 1001 3400 Quareperegnnamdumblren,

78 3405 112 3447 les
124 3409 187 3445 notes
198 3402 246 3446 ede
262 3401 283 3443 la
292 3412 347 3455 page
356 3406 391 3443 aar
404 3408 426 3441 et
437 3406 460 3441 ιο
469 3397 496 3441 de
504 3355 527 3439 la
554 3396 594 3439 Vl.
606 3404 631 3456 ¹.¹¹
643 3410 648 3436 ι
658 3392 775 3446 Adparent
784 3392 939 3433 urbanitatem
947 3398 1002 3451 pra·

78 3468 135 3511 page
144 3462 191 3499 288.
203 3477 224 3486 -
237 3455 319 3505 Comes,
337 3462 422 3496 comme
437 3462 526 3503 compa·
554 3446 632 3489 verbra
640 3457 668 3501 ap
686 3444 765 3489 actual
774 3447 855 3499 aptata
864 3447 901 3486 :at
911 3441 1001 3483 bamam

77 3521 151 3563 gnon,
162 3518 216 3562 pour
232 3506 289 3549 tenir
307 3505 436 3560 campagnia
451 3503 481 3559 (a
496 3514 526 3545 un
554 3510 652 3554 aeqatam
690 3509 744 3552 pso.
762 3500 781 3539 et
798 3503 824 3538 at
837 3495 1002 3557 alteratarlra-

78 3562 141 3607 ridle
150 3560 289 3615 protecteur).
554 3552 620 3606 ganta·
630 3564 637 3596 ι
646 3566 658 3589 ι
670 3549 743 3594 tollat
758 3552 790 3603 ta,
799 3548 840 3604 qai
850 3560 898 3592 aaa
906 3550 978 3591 novat.
989 3561 1001 3586 ι
